2850 5225
1072 171 1102 194 d

434 298 519 362 12
772 270 782 286 ‘
1366 291 1703 357 mnnx
1768 294 1843 356 11.

500 445 855 515 Aeqaabilitas
885 445 943 498 in
985 445 1129 498 omni
1154 443 1266 497 uita
1297 444 1337 498 1.
1369 449 1491 497 202.

500 515 745 581 Aequalis
777 532 825 568 c.
860 516 990 567 Gen.
1024 514 1088 566 11.
1124 517 1237 566 187.

499 582 1018 656 Αοᾳιιαίἰορυποηιπι
1031 579 1276 648 pestifera
1290 580 1355 633 11.
1388 583 1504 633 141.
1514 597 1557 632 s.

500 652 738 716 Aequare
772 666 822 703 c.
857 651 974 700 Dat.
1008 650 1306 700 neutraliter
1335 648 1376 700 Ι.
1409 652 1463 702 7.

501 720 677 784 Aeque
711 717 967 784 quomodo
1003 716 1253 775 exciderit
1284 716 1357 768 11.
1393 719 1479 767 62.
1531 747 1538 758 .

498 785 748 850 Aequitas
782 800 873 849 pro
901 783 1062 836 ‘looro
1110 784 1168 848 ίᾳ
1206 782 1250 833 Ι.
1285 786 1397 835 199.
1442 784 1478 833 i.
1505 798 1555 848 q.

433 852 633 908 iustitia
666 853 707 903 l.
730 855 813 902 45.
851 853 981 917 regit
1009 853 1278 902 utilitatem
1312 851 1377 902 11.
1405 854 1523 903 350.

497 920 826 986 Aequitatem
858 918 1042 979 habet,
1077 924 1135 969 ut
1169 918 1234 969 11.
1276 920 1391 971 154.

501 987 737 1053 Aequum
769 986 851 1037 ius
881 988 921 1039 Ι.
954 990 1067 1039 199.
1090 1001 1286 1051 aequae
1301 987 1469 1051 leges,
1488 984 1557 1037 ib.

499 1052 724 1120 Aequius
759 1059 874 1106 erat
906 1057 954 1107 ὐ.
991 1060 1048 1104 ut
1085 1060 1198 1105 erat
1231 1068 1448 1118 aequum
1490 1052 1557 1106 11.

332 1151 340 1155 -
433 1126 547 1174 289.
581 1120 789 1187 aequius
822 1121 1000 1173 melius
1037 1120 1108 1172 11.
1140 1124 1257 1172 291.
1284 1137 1353 1172 ss.

497 1188 769 1240 Aerarium
786 1191 852 1240 P.
869 1190 935 1241 R.
952 1189 1019 1240 11.
1039 1187 1151 1240 142.
1169 1187 1425 1238 aerarium
1440 1203 1485 1238 v.
1500 1185 1559 1237 in

432 1256 649 1308 aerariis
665 1273 712 1307 v.
722 1256 864 1308 inter
877 1255 1106 1308 aerarios
1122 1254 1406 1320 relinquere
1422 1254 1461 1305 1.
1474 1259 1557 1305 98.

431 1323 689 1375 aerarium
700 1325 898 1388 jacere,
927 1323 983 1373 in
1009 1338 1050 1373 v.
1079 1321 1217 1372 inter
1249 1321 1481 1372 aerarios
1511 1337 1558 1372 v.

431 1390 509 1448 in,
518 1408 786 1442 numerum
812 1390 1130 1442 aerariorum
1152 1390 1369 1455 referre,
1393 1389 1464 1440 ib.
1481 1404 1523 1441 s.

497 1453 708 1512 Aerarii
738 1459 828 1510 Fr.
857 1462 942 1522 77.
969 1474 1017 1509 a.

500 1525 784 1578 Aerarium.
832 1525 1002 1578 Facta
1031 1523 1326 1596 ibi1sortitio
1352 1523 1558 1590 provin-
1615 1581 1622 1592 ,

435 1593 631 1645 ciarum
662 1593 747 1645 Fr.
781 1597 863 1643 93.
884 1609 936 1644 ε..

496 1660 721 1714 Aeratus
755 1660 839 1712 Fr.
865 1664 948 1711 77.
977 1676 1024 1712 a.
1107 1657 1110 1666 ’

495 1727 602 1779 Aes
642 1727 1096 1792 circumforaneum
1128 1725 1194 1778 11.
1226 1730 1343 1778 176.

495 1796 728 1859 Aesopus
763 1794 937 1847 histrio
973 1795 1013 1845 l.
1047 1797 1186 1873 244..

495 1861 852 1914 Aestimabilia
867 1899 882 1920 ‚
916 1862 957 1913 L
987 1865 1103 1911 320.
1333 1903 1337 1910 «

497 1928 801 1981 Aestimatio
836 1943 1008 1978 rerum
1034 1928 1075 1979 1.
1106 1930 1223 1978 319.
1269 1925 1560 1979 aestimatio

431 1994 540 2048 litis
572 1994 634 2046 F.
664 1999 747 2045 15.
775 2011 824 2045 a.
851 1999 968 2046 235.
1140 2029 1145 2032 -

496 2060 785 2114 Aestimata
817 2061 880 2111 lis
912 2060 974 2112 F.
1018 2053 1134 2112 LX.
1168 2076 1219 2113 a.

497 2126 663 2180 Aetas
697 2127 875 2180 unde?
911 2127 974 2179 11.
1014 2130 1129 2179 145.
1172 2142 1344 2194 genus
1370 2126 1558 2179 aetatis

432 2194 706 2261 degendae
754 2194 795 2245 l.
832 2198 948 2247 249.
1012 2196 1120 2248 eius
1169 2196 1557 2247 constituendae

427 2263 711 2329 periculum
724 2263 761 2313 1.
773 2266 887 2314 250.
903 2268 1073 2314 aetate
1082 2262 1344 2328 possidere
1357 2262 1421 2313 11.
1443 2265 1555 2314 152.

426 2328 616 2381 aetatis
664 2335 718 2381 'et
744 2329 967 2382 civitatis
1021 2347 1066 2384 V.
1111 2329 1306 2382 consus.
1339 2330 1405 2381 11.
1435 2334 1553 2381 320.

372 2457 375 2464 „
427 2396 616 2516 aetatis:
669 2404 964 2465 corruptum
1020 2412 1085 2449 ex
1139 2413 1201 2448 ac
1268 2396 1410 2449 Tatii
1460 2398 1554 2451 Fr.

496 2532 673 2588 Aetna
705 2531 888 2584 ardens
921 2530 1010 2584 Fr.
1043 2535 1160 2583 179.
1189 2547 1238 2581 a.

491 2593 789 2664 Affabilitas
814 2596 1060 2649 sermonis
1088 2597 1154 2648 11.
1194 2599 1276 2649 94.

408 2700 413 2715 .
496 2664 717 2730 Affectio
735 2702 750 2727 ,
788 2680 903 2716 cum
945 2665 1170 2717 officium
1199 2665 1478 2731 exquiritur
1509 2665 1551 2718 1.

425 2733 542 2785 322.
580 2732 732 2785 animi
764 2732 825 2782 II.
858 2735 973 2782 230.
1286 2767 1291 2772 ·

492 2797 700 2863 Afferre
752 2798 1027 2853 utilitatem
1071 2799 1136 2851 11.
1185 2802 1301 2850 232.
1361 2799 1552 2866 afferre

427 2864 704 2921 eommunis
734 2865 986 2917 utilitates
1011 2865 1067 2916 in
1093 2866 1311 2918 medium
1338 2884 1381 2919 v.
1415 2884 1550 2921 sem-

422 2948 562 3051 fegl
570 2930 765 3014 aliquid
807 2933 878 2984 a'd
923 2934 1551 3056 cunimunlemmatilitatem

451 3037 466 3050 .
568 3017 748 3052 .-—1.
819 3018 942 3053 .nu
981 3018 1115 3055 ctare

423 3133 449 3186 Ι
492 3016 838 3184 ῗέζὶοἰεπᾶιὲη
871 3018 1052 3135 cor'iaus
1080 3069 1278 3132 itasut
1297 3098 1364 3110 -
1383 3070 1550 3138 possit

428 3234 437 3241 «
490 3200 865 3265 Affirmanter‚
903 3218 968 3253 an
1004 3202 1307 3269 affirmate?
1339 3188 1401 3256 11'.
1431 3209 1547 3257 379.

489 3266 688 3323 Afranii
710 3271 761 3320 in
782 3269 1110 3321 Consobrinis
1132 3270 1310 3337 fragm.
1325 3272 1410 3324 Fr.
1431 3276 1545 3323 107.

497 3332 675 3385 Africa
708 3351 893 3401 parens
931 3339 1197 3390 Sardiniae
1226 3339 1312 3391 Fr.
1337 3343 1456 3395 204.
1498 3340 1547 3392 b.

346 3401 382 3457 ,¹
426 3402 542 3453 207.
577 3417 680 3454 non
710 3404 875 3454 solum
899 3405 1204 3458 fidelissimis
1231 3410 1417 3472 regnis,
1455 3407 1547 3459 sed

427 3470 580 3519 etiam
612 3469 664 3518 in
703 3470 816 3535 ipsa
850 3473 1106 3536 provincia
1145 3489 1202 3524 se
1235 3489 1266 3522 a
1295 3475 1547 3529 societate

427 3533 738 3586 Punicorum
756 3538 1005 3589 bellorum
1024 3538 1252 3591 defendit
1265 3540 1353 3593 Fr.
1365 3545 1486 3593 207.
1498 3541 1547 3592 b.

490 3602 771 3667 Africanus
805 3620 850 3656 v.
885 3605 1078 3671 Scipio.
1498 3613 1504 3621 '

490 3670 903 3736 Agamemnonis
943 3679 1202 3738 sceptrum
1216 3674 1298 3735 JI.
1331 3677 1448 3727 343.
1478 3703 1547 3715 -—-

427 3734 553 3787 Eius
583 3739 761 3790 domus
794 3740 1039 3805 Aegistho
1073 3741 1312 3794 dedecori
1344 3742 1481 3794 facta
1503 3743 1545 3794 Ι.

428 3807 545 3857 282.
572 3833 643 3845 --
673 3806 802 3858 Eius
837 3808 1133 3872 superstitio
1162 3809 1215 3860 in
1236 3810 1546 3864 immolanda

426 3868 685 3936 Iphigenia
719 3873 787 3926 11.
823 3878 940 3928 362.

493 3937 668 4002 Agere
692 3941 732 3993 1.
767 3946 847 3993 13.
878 3948 1043 4007 ‘agere
1099 3959 1278 3994 ausam
1307 3944 1397 3999 Fr.
1425 3947 1478 3995 7.
1493 3945 1550 3996 b.

425 4015 590 4069 agere
622 4023 730 4058 cum
764 4009 936 4076 aliqao
970 4009 1042 4060 sic
1099 4011 1142 4061 1.
1186 4014 1301 4063 348.
1362 4010 1545 4078 agitur

429 4071 484 4122 in
527 4070 720 4126 damnis
747 4077 862 4142 lege
904 4079 1105 4143 Aquilia
1148 4077 1267 4129 nihil
1310 4080 1404 4131 nisi
1452 4079 1544 4132 da-

425 4153 597 4190 mnum
634 4139 717 4192 Fr.
745 4146 826 4195 55.
853 4146 907 4198 b.
957 4144 1136 4211 agitur
1168 4146 1466 4213 praeclare,
1499 4146 1547 4196 si

426 4211 527 4285 etc:
571 4205 616 4257 1.
653 4209 769 4258 112.
818 4213 1018 4279 agendi
1056 4208 1251 4277 aliquid
1290 4212 1542 4278 cupiditas

426 4273 579 4325 insita
617 4272 659 4326 1.
691 4277 807 4327 229.
870 4278 937 4331 Id
966 4280 1233 4347 agendum
1266 4279 1453 4346 etim,
1485 4287 1544 4334 ut

1607 1189 1608 1194 ’
1640 1202 1755 1238 cum
1798 1187 1964 1252 ellipsi
2001 1204 2031 1238 e
2073 1185 2374 1253 praeceddv
2398 1184 2697 1249 supplenda
2737 1185 2777 1236 1.

1640 450 1740 498 etc.
1806 444 1850 498 Ι.
1912 447 2031 497 276.
2095 422 2285 511 'agere
2344 448 2397 496 et
2461 439 2641 493 moliri
2707 440 2776 494 11.

1638 513 1844 645 miiigffis
1879 580 1948 633 11.
1981 581 2097 630 445.
2129 578 2199 631 ad
2223 578 2289 630 11.
2322 580 2471 642 §.8st
2507 575 2654 642 Agis
2682 592 2778 627 rex

1639 663 1671 698 a
1698 648 2118 699 Lacedaemoniis
2145 651 2357 697 necatus
2387 645 2453 697 ΙΙ.
2483 647 2605 699 154.

1706 714 1948 780 Agitatio
1980 713 2166 766 mentis
2200 714 2240 766 1.
2271 717 2357 765 39.
2392 716 2474 764 43.
2501 728 2606 777 sq„
2630 712 2781 762 vitae

1638 782 1678 834 Ι.
1706 787 1941 916 {tinans
1975 847 2125 905 rebus
2141 885 2157 912 ,
2205 848 2271 900 de
2306 846 2563 900 seditione
2597 863 2649 899 v.
2688 861 2778 899 re·
2829 883 2830 892 1

1640 918 1870 970 bellione
1888 917 1929 968 1.
1964 920 2078 968 188.

1705 984 1993 1050 Agrariam
2021 999 2133 1034 rem
2165 989 2368 1034 tentare
2394 982 2460 1033 Π.
2492 984 2611 1033 151.

1706 1052 1971 1118 Agr-ariae
2007 1051 2177 1117 Leges
2208 1051 2430 1102 11.·141.
2467 1053 2583 1100 151.

1706 1119 1956 1185 Aggredi
2020 1117 2275 1185 (negotia
2293 1152 2307 1177 ‚
2362 1132 2572 1167 cunisam
2619 1116 2777 1183 etc.)

1641 1256 1760 1314 171.
1795 1253 2086 1319 aggrediar
2120 1252 2287 1304 dicere
2319 1252 2386 1304 ΙΙ.
2423 1256 2502 1302 10.

1707 1322 2075 1386 Agriculturae
2109 1326 2353 1385 quaestus
2387 1318 2640 1370 honestus
2695 1336 2777 1386 ap.
2829 1327 2830 1358 ἓ

1638 1388 1796 1507 Q.
1795 1389 1899 1507 321⁰
1919 1392 2035 1441 281.
2086 1386 2214 1454 agn·
2241 1387 2442 1438 calma
2473 1387 2715 1439 liberalis
2739 1388 2777 1439 L

1706 1522 2033 1575 Ahenobarbi
2060 1538 2177 1575 cum
2216 1521 2491 1574 canditatis
2519 1522 2775 1574 Memmio

1640 1596 1693 1642 et
1722 1592 1948 1642 Domitio
1978 1592 2150 1656 pactio
2179 1590 2238 1640 F.
2265 1593 2382 1641 287.
2827 1539 2830 1642 1

1707 1656 1882 1708 Aiacis
1916 1658 2200 1709 Telamonii
2225 1657 2527 1724 pervicacia
2567 1658 2609 1710 I.
2651 1661 2777 1710 242.
2829 1655 2830 1710 1

1640 1724 1808 1787 Aiax,
1842 1725 2046 1787 fabula,
2080 1726 2119 1776 1.
2137 1727 2262 1776 244.
2330 1724 2457 1776 Eius
2489 1725 2776 1791 ingenium,
2829 1719 2830 1780 ἶ

1640 1792 1725 1844 Fr.
1760 1796 1875 1844 147.
1902 1809 1949 1844 a.
1979 1795 2097 1843 282.
2829 1811 2830 1858 ;

1631 1924 1636 1929 ,
1706 1858 1799 1911 Ait
1834 1866 1885 1912 et
1920 1865 1974 1910 at
2021 1858 2235 1928 confusa
2275 1858 2317 1911 1.
2363 1863 2481 1911 289.
2532 1876 2566 1911 a
2605 1862 2776 1926 gloss.
2829 1867 2830 1926 1

1642 1927 1847 1982 additur
1880 1929 1949 1979 ib.
2002 1942 2033 1977 a
2075 1928 2230 1992 gloss.
2280 1933 2398 1979 ante
2455 1929 2778 1994 scriptorum

1640 1996 1796 2047 verba
1827 1995 1889 2046 11.
1918 1998 2034 2045 401.
2070 1995 2204 2059 quod
2238 1994 2386 2046 namt
2416 1995 2483 2047 11.
2512 1999 2634 2047 384.
2724 2001 2728 2010 ’

1708 2061 1813 2112 Ala
1847 2063 2073 2127 equitum
2103 2063 2169 2113 II.
2205 2067 2289 2113 88.

1679 2140 1684 2146 ’
1708 2128 1943 2180 Albanae
1976 2129 2237 2179 columnae
2268 2128 2354 2181 Fr.
2387 2132 2503 2182 213.
2538 2145 2585 2180 a.

1708 2195 1889 2246 Albius
1923 2203 1976 2249 et
2012 2195 2250 2247 Albucius
2285 2196 2479 2248 consus.
2513 2198 2579 2249 11.
2612 2201 2708 2248 98.

1713 2263 1775 2313 Τ.
1811 2263 2052 2314 Albucius
2079 2270 2390 2330 propraetor
2421 2270 2711 2315 accusatus
2744 2281 2778 2317 a
2829 2285 2830 2290 ¹

1647 2330 1698 2381 G.
1732 2330 1859 2381 Iulio
1888 2331 1953 2382 11.
1978 2335 2063 2381 97.
2099 2331 2227 2382 Eius
2262 2337 2699 2398 nomencorrupt.
2723 2334 2773 2383 in
2829 2337 2830 2352 ¹

1638 2397 1779 2449 Albii
1799 2398 1862 2448 11.
1880 2402 1961 2449 98.
1993 2414 2133 2449 reum
2148 2398 2273 2450 fecit
2289 2397 2513 2449 Mucium
2529 2400 2666 2465 Aug.
2687 2403 2772 2451 98.
2829 2447 2830 2466 ,

1712 2466 1773 2517 Τ.
1807 2464 2077 2526 Albutius,
2111 2466 2342 2529 Annius,
2377 2466 2463 2519 Fr.
2494 2470 2615 2532 202.
2829 2473 2830 2510 l

1704 2533 2022 2585 Aleumaeon
2054 2532 2118 2582 F.
2154 2536 2272 2585 282.
2397 2547 2406 2560 ·

1701 2600 1972 2655 Aleatores
2004 2600 2059 2652 L,
2074 2601 2190 2651 298.
2224 2600 2479 2652 aleatores
2505 2617 2609 2653 non
2636 2618 2773 2654 con—
2829 2609 2830 2653 l

1634 2668 2046 2789 {ilnefflffedicto
2075 2667 2141 2719 de
2166 2668 2481 2753 redhibendo
2504 2671 2771 2736 mancipio
2829 2678 2830 2693 ¹

1699 2802 1855 2853 Alere
1890 2801 2061 2868 copias
2093 2817 2140 2863 γ.
2175 2801 2452 2854 exercitum
2485 2803 2530 2854 1.
2563 2807 2651 2855 56.

1701 2870 1995 2922 Alexander
2026 2871 2254 2934 Magnus
2282 2877 2609 2937 comparatur
2639 2886 2770 2925 eum

1633 2942 1782 3002 patre
1812 2937 1852 2988 1.
1876 2942 1993 2989 203.
2025 2936 2094 2989 11.
2121 2941 2205 2988 34.
2553 2958 2557 2969 ·

1649 3052 1657 3071 ,
1699 3004 1999 3057 Alexander
2056 3003 2321 3057 Pher-aeus
2360 3004 2428 3057 ΙΙ.
2483 3009 2566 3057 50.
2631 3002 2772 3059 Eius
2829 3042 2830 3099 ᾗ

1632 3087 1770 3123 mors
1804 3077 1885 3124 51.
1908 3088 1950 3124 s.

1696 3139 2033 3193 Alexandrea
2077 3144 2132 3192 et
2162 3138 2488 3191 Alexandria
2528 3139 2595 3193 11.
2640 3144 2767 3194 157.
2829 3136 2830 3145 ’

1698 3274 2008 3325 Alexandria
2051 3274 2358 3326 frumentum
2391 3276 2768 3342 exportabatur

1629 3339 1873 3392 Rhodum
1899 3348 2001 3393 etc.
2036 3342 2103 3393 11.
2129 3346 2250 3394 279.

1699 3409 1858 3474 Alias]
1910 3425 2020 3459 cum
2071 3426 2224 3474 saepe
2271 3411 2484 3476 alias,
2530 3414 2643 3465 ium
2691 3409 2765 3463 II.

1631 3478 1749 3527 264.
1783 3478 1908 3527 alias
1942 3477 2042 3528 alio
2073 3478 2114 3530 Ι.
2145 3481 2232 3530 51.

1697 3541 1846 3594 Alico
1875 3544 1959 3595 Fr.
1985 3549 2078 3611 ,68.
2109 3547 2161 3596 b.

1696 3609 1886 3660 Aliena
1919 3626 2013 3676 pro
2065 3612 2214 3663 rebus
2248 3611 2433 3663 alienis
2463 3611 2528 3663 11.
2562 3614 2687 3664 443.
2711 3629 2758 3665 s.
2829 3628 2830 3659 ι

1630 3677 1853 3727 alienum
1885 3694 1928 3728 v.
1964 3677 2136 3729 aliena
2168 3678 2284 3745 (np.
2314 3678 2473 3745 bonu)
2513 3674 2615 3732 Fr:
2633 3684 2756 3732 214.

1629 3747 1680 3796 b.
1714 3744 1935 3815 alienum
1963 3763 2009 3797 c.
2036 3749 2170 3799 Gen.
2201 3751 2315 3799 104.
2344 3747 2628 3813 dignitate,
2651 3746 2756 3799 Iso·
2829 3804 2830 3809 ,

1629 3811 1765 3863 mine
1782 3847 1798 3872 ,
1849 3812 2117 3866 maiestate
2150 3819 2252 3866 etc.
2299 3818 2414 3866 104.
2469 3816 2539 3867 de
2580 3814 2758 3867 alieno

1631 3879 1896 3946 (negotio)
1928 3880 2217 3947 inquirere,
2253 3881 2428 3934 aliena
2453 3898 2636 3935 curare
2670 3885 2756 3934 65.

1628 3947 1849 3997 alienum
1883 3964 1939 3999 re
1972 3949 2058 4000 Fr.
2094 3953 2173 4002 11.
2600 3970 2606 3979 ·

1626 4014 1991 4132 11Aliquando
2057 4021 2112 4071 et
2172 4032 2403 4082 unquam
2468 4032 2565 4069 usu
2639 4016 2752 4070 diff.

1693 4149 1871 4215 Aliqui
1902 4155 1956 4202 et
1987 4148 2175 4215 aliquis
2207 4150 2249 4201 Ι.
2285 4154 2406 4203 246.
2445 4150 2514 4205 Π.
2550 4154 2675 4204 236.

1692 4216 1896 4282 Aliquis
1917 4245 1985 4258 --
2007 4217 2139 4269 alius
2171 4219 2270 4271 sibi
2291 4221 2531 4285 respond.
2560 4219 2601 4272 1.
2629 4223 2756 4274 238.

1626 4282 1813 4351 aliquis
1861 4291 1983 4350 post
2012 4292 2105 4338 aut
2150 4301 2246 4351 pro
2283 4284 2397 4339 alio
2428 4303 2532 4353 quo
2558 4287 2603 4339 1.
2636 4291 2757 4342 lea
2829 4334 2830 4337 ,
