2850 5225
693 365 1043 430 annum
1094 369 1221 458 m*

84 510 287 565 ciorum
337 513 747 573 collocandorum
794 518 930 570 ratio
979 519 1047 570 ΙΙ.
1098 521 1214 573 133.

86 583 379 645 beneficio,
430 583 526 634 nisi
557 587 778 650 gratuito
795 621 814 651 ,
866 602 969 638 non
1002 587 1218 639 debetur

85 650 259 714 gratia
292 649 361 700 11.
399 653 514 701 134.
1001 673 1005 682 ’

153 715 528 767 Benevolentia
576 735 611 769 a
658 719 983 772 multitudine
1029 724 1212 787 quibus

85 784 247 835 rebus
280 784 522 850 pariatur
554 786 621 839 ΙΙ.
660 791 744 837 65.
782 788 1133 841 benevolentia
1163 798 1214 841 et

86 849 285 902 caritas
317 853 361 903 I.
400 855 512 903 130.
529 868 569 905 s.
623 854 972 907 Benevolentia
999 869 1072 909 ,an
1121 856 1213 908 be-

83 917 372 969 nivolentia
385 916 414 968 7
459 921 522 971 11.
556 924 670 972 347.
721 921 1072 975 benevolentia
1115 940 1210 976 cu-

84 991 198 1036 stos
222 986 415 1037 'fidelis
447 987 512 1039 ΙΙ.
543 990 628 1040 46.
661 991 744 1040 48.

24 1077 27 1086 ·
154 1052 477 1119 Benignitas
508 1054 548 1105 1.
581 1058 665 1106 46.
700 1058 809 1108 eius
843 1058 1006 1123 princi
1042 1059 1093 1108 ia
1124 1061 1208 1112 45.

150 1118 339 1172 Bestia
384 1135 478 1173 cnr
517 1122 754 1175 laudetur
798 1139 829 1174 a
863 1126 973 1177 Cic.
1020 1155 1021 1158 =
1071 1162 1083 1175 .
1127 1129 1209 1177 84.

85 1186 369 1239 bestiarum
400 1189 567 1240 victus
594 1195 648 1241 et
666 1193 833 1243 cultus
848 1192 890 1243 l.
910 1195 1023 1242 121.
1041 1193 1109 1244 ΙΙ.
1126 1197 1210 1244 32.

150 1254 481 1307 Bibliotheca
511 1256 749 1308 Palatina
779 1258 841 1309 F.
872 1258 1062 1310 XLIX.
1097 1256 1209 1312 eius

84 1323 268 1387 spoliis
318 1321 552 1388 superbit
594 1324 840 1377 Vaticana
899 1324 963 1376 F.
1016 1321 1208 1380 XLIX.

84 1388 403 1442 bibliotheca
434 1389 769 1442 Ambrosiana
788 1392 1000 1444 fundata
1023 1410 1056 1444 a
1078 1394 1206 1446 Fed.

85 1456 409 1509 Borromaeo
443 1458 504 1509 F.
538 1458 698 1511 LXV.
717 1476 758 1510 s.

87 1590 119 1641 Ι
158 1523 359 1642 Rufos?
393 1527 446 1576 et
477 1524 721 1589 Biformis
737 1526 980 1579 confund.
1007 1527 1072 1583 11.
1094 1531 1209 1579 170.

113 1608 252 1642 anns
286 1608 301 1641 l
341 1628 355 1641 .

155 1658 374 1724 Bobium
417 1665 472 1710 et
513 1661 817 1730 coenobium
849 1662 1097 1715 bobiense
1144 1664 1209 1713 D.

88 1726 396 1778 Columbani
438 1726 526 1782 Fr.
581 1727 697 1779 XX.
722 1744 764 1779 s.
815 1727 1085 1781 Bobiensis
1131 1731 1211 1788 bi,-

86 1792 349 1846 bliotheca
379 1791 464 1844 Fr.
496 1794 643 1846 m.
690 1819 695 1828 ·

156 1860 314 1911 Bona
351 1860 451 1911 dea
491 1861 575 1913 Fr.
605 1866 693 1915 74.
753 1863 883 1915 Eius
906 1864 1212 1917 sacrificium

87 1929 174 1980 Fr.
226 1931 310 1978 73.
344 1944 386 1978 s.
455 1928 617 1990 bonae
663 1930 791 1982 deae
847 1938 1077 1997 opertum
1124 1933 1209 1983 Fr.

87 1999 210 2048 102.
257 1995 303 2045 si
335 2011 442 2047 mas
473 1997 719 2062 vidisset,
772 2000 950 2051 oculos
976 1999 1214 2064 ‘perdere

86 2062 371 2130 putabatur
411 2063 499 2114 Fr.
536 2067 663 2115 01⁰2.
724 2067 776 2115 in
808 2069 819 2084 *
838 2066 946 2116 eius
997 2066 1211 2118 secretis

72 2131 350 2200 *saltabant
379 2131 613 2184 mulieres
638 2130 704 2182 ad
733 2147 894 2185 cornu
918 2133 1006 2185 Fr.
1028 2137 1140 2184 104.
1158 2134 1209 2185 b.

152 2195 388 2263 Bonum,'
412 2197 473 2262 i,]
506 2198 767 2249 Smnmum
800 2199 985 2250 boumn
1017 2200 1213 2252 Stoicis

86 2265 256 2331 quid?
304 2264 520 2315 llam
554 2281 630 2330 sq.
681 2266 779 2333 (cf.
817 2266 1011 2332 nnis.)
1081 2283 1210 2333 qno—

88 2331 248 2384 modo
281 2333 561 2384 inveniatur
592 2333 631 2384 1.
664 2335 780 2385 324.
847 2335 972 2386 Eius
1005 2336 1144 2388 notio
1179 2351 1210 2385 a

87 2400 284 2452 Stoicis
316 2400 574 2466 angustius
609 2401 908 2464 constituta,
943 2404 989 2453 1.
1003 2407 1118 2455 322.
1133 2417 1208 2467 sq.

87 2466 173 2519 Eo
202 2466 456 2519 hominem
487 2467 643 2532 potiri
665 2484 819 2535 posse
835 2471 1010 2521 volunt
1024 2470 1207 2533 Stoici,

86 2535 129 2586 1.
162 2536 282 2584 352.
313 2550 416 2586 non
448 2534 558 2586 fieri
590 2537 836 2600 temporis
871 2538 1209 2602 productione

89 2602 273 2663 maius,
308 2603 380 2655 ib.
422 2603 630 2667 bonnm,
666 2604 847 2669 quibus
880 2604 1091 2657 indiciis.
1114 2620 1210 2655 no-

88 2676 301 2733 scatur,
352 2671 419 2720 ΙΙ.
555 2708 569 2723 .
620 2678 702 2731 est
749 2673 960 2723 rationis
993 2672 1060 2724 ΙΙ.
1093 2674 1215 2723 430.

89 2740 204 2790 eins
254 2743 436 2790 natura
486 2754 517 2789 e
562 2738 863 2791 Stoicorum
912 2740 1117 2792 ratione
1161 2739 1206 2789 I.

90 2809 208 2856 152.
238 2821 316 2870 sq.
368 2804 537 2870 (155.)
600 2807 729 2857 Eius
774 2808 899 2858 visio
930 2806 1213 2859 aesthetica
1276 2824 1282 2831 ·

91 2874 133 2924 Ι.
166 2877 287 2924 Qu,
337 2872 433 2924 Est
465 2874 766 2937 vocabulum
811 2875 931 2925 iuris
964 2875 1123 2927 civilis
1155 2873 1211 2923 in

90 2940 269 3001 bonis,
317 2940 401 2991 Fr.
451 2943 568 2991 249.
638 2939 791 2991 Bona
823 2940 999 2993 άίυἰπα
1032 2947 1085 2992 et
1118 2941 1211 2991 hu-

24 3012 25 3015 ’
89 3022 253 3059 mana
271 3007 552 3061 secundum
568 3008 838 3060 Platonem
854 3009 895 3060 1.
929 3012 1044 3059 331.
1079 3008 1214 3058 bom

86 3075 235 3126 mala
267 3074 305 3125 Ι.
340 3078 452 3126 135.
488 3091 609 3140 opp.
642 3075 803 3134 vitiis,
840 3075 886 3126 1.
921 3079 1045 3127 242.
1107 3075 1213 3126 Bo·-

90 3157 276 3195 norum
321 3141 496 3193 divisio
529 3141 871 3208 Pythagorica
886 3178 903 3204 ‚
952 3142 1112 3195 Acad.
1161 3148 1215 3194 et

93 3209 465 3274 Peripatetico,
501 3209 566 3259 11.
601 3212 718 3261 228.

24 3320 31 3337 ,
144 3277 370 3338 Bonus,
404 3292 464 3343 a,
501 3275 606 3341 um]
650 3277 685 3328 i.
719 3293 768 3343 q.
801 3277 1112 3341 benevolus,
1149 3276 1214 3328 ΙΙ.

93 3347 213 3396 342.
249 3342 407 3393 bonus
432 3349 628 3406 auctor,
664 3344 731 3397 ΙΙ.
765 3347 881 3397 401.
917 3343 1050 3395 bona
1068 3356 1215 3410 pars,

94 3410 202 3462 iam
235 3426 273 3461 a
305 3410 449 3463 bonis
474 3410 799 3477 temporibus,
834 3411 899 3463 11.
937 3415 1050 3463 110.
1086 3411 1217 3461 bono

96 3477 314 3530 coasilio
344 3479 391 3530 l.
418 3482 535 3530 256.
572 3479 736 3530 bonae
751 3478 890 3544 fidei
920 3484 1216 3531 contractus

98 3547 163 3599 ll.
197 3550 314 3597 289.
350 3551 404 3598 et
434 3545 641 3608 iudicia,
674 3548 741 3599 ib.
770 3550 984 3611 29qu.
1022 3563 1085 3597 ea·
1103 3545 1222 3610 fide

97 3614 238 3665 hona
280 3614 350 3666 ib.
385 3617 500 3664 291.
536 3619 589 3665 et
619 3617 738 3667 301.
790 3614 950 3665 bonae
968 3613 1104 3678 fidei
1134 3612 1221 3663 in—

98 3682 235 3732 dicia
263 3680 527 3733 contraria
554 3682 616 3733 11.
633 3685 750 3733 313.
765 3696 874 3746 sqq.
911 3680 1072 3732 bonae
1087 3679 1230 3749 fidei

96 3748 237 3800 actio
273 3750 480 3814 eiusque
505 3749 755 3813 famula,
792 3749 856 3803 ll.
892 3751 1008 3799 301.
1061 3747 1221 3799 bonus

98 3816 182 3867 viv·
227 3817 273 3868 l.
319 3819 402 3869 46.
466 3815 586 3866 bom'
629 3815 732 3866 viri
773 3817 974 3880 species
1008 3832 1133 3881 prae
1168 3820 1222 3865 te

99 3884 336 3947 ferenda,
374 3890 431 3935 ut
456 3882 655 3936 habeas
689 3882 1060 3934 familiaritates
1097 3882 1222 3933 ami-

100 3968 283 4003 corum
316 3951 384 4003 ΙΙ.
418 3954 502 4001 77.
538 3951 685 4003 bonis
718 3955 1031 4017 quaeruntur
1064 3949 1224 4003 hone-

102 4019 286 4071 stall.
316 4021 437 4069 247.
489 4017 608 4069 boni
635 4017 739 4069 viri
784 4034 902 4083 opp.
954 4017 1121 4069 doctis
1173 4020 1226 4068 et

104 4086 318 4139 eruditis
365 4082 431 4138 11.
483 4089 564 4137 10.
633 4102 725 4153 pro
768 4084 1098 4152 optimatibus
1117 4119 1133 4145 ,
1186 4083 1224 4134 1.

110 4149 225 4205 196.
264 4154 331 4206 ll.
364 4156 447 4204 84.
473 4169 554 4223 sq.
589 4160 645 4206 et
675 4156 801 4209 111..
824 4151 946 4203 boni
970 4150 1087 4215 viri,
1121 4153 1227 4202 iro·-

106 4222 225 4274 nice
258 4221 325 4273 11.
362 4224 476 4272 169.

176 4289 400 4340 Bonitas
443 4287 624 4340 samnii
675 4288 910 4355 cuiusque
974 4300 1232 4340 commune

106 4356 411 4424 perfugium
443 4361 522 4409 est
555 4355 776 4410 omnuim
805 4357 876 4409 ΙΙ.
912 4359 1033 4409 122.
1085 4399 1092 4404 .
1176 4400 1181 4409 .

1278 370 1819 439 nlchoNIS.
2323 334 2417 446 ’19

1255 523 1264 588 Γ
1366 519 1743 590 Borromaens,
1794 527 1954 594 Fed;‚
2002 531 2293 584 muneribus
2326 531 2411 587 re-'-
2461 503 2468 508 ‚
2529 501 2544 512 ἱ

1300 590 1456 643 demit
1479 613 1484 622 ’
1506 594 1653 645 codd.
1706 611 1738 645 a
1774 594 2111 650 Bobiensibus
2148 597 2408 653 monachis

1299 658 1355 710 F.
1389 659 1607 711 ΜΝ...
1641 663 1757 712 0011.
1791 663 1880 714 Fr.
1915 663 2060 717 xxi.
2217 655 2229 680 ‘

1362 726 1596 777 Bostaris
1615 767 1630 792 ,
1665 729 1853 780 Scauri
1884 729 2070 798 hospes
2102 733 2186 785 Fr.
2219 737 2337 787 136.

1293 830 1303 838 .
1364 792 1626 857 Bradyllae‘s
1657 796 1723 845 11.
1755 800 1856 850 79.·
2261 793 2272 810 ’

1364 860 1808 926 Breviloqnentiae
1841 867 2059 931 exempl.
2099 859 2152 916 L*
2173 871 2256 919 18.
2294 871 2405 919 168.

1294 931 1349 977 et
1380 929 1434 978 in
1467 929 1664 981 verbis:
1718 929 1897 981 Totius
1943 931 2234 994 iniustitiae
2263 935 2409 987 nulla

1294 994 1563 1060 capitalior
1595 995 1633 1046 Ι.
1684 999 1797 1048 105.
1993 1031 2000 1038 ·

1294 1102 1301 1108 .
1361 1060 1602 1112 Breviter
1632 1068 1856 1129 tangere
1885 1065 1952 1116 ΙΙ.
1989 1070 2118 1117 197.·
2179 1097 2184 1104 -

1360 1127 1435 1179 M.
1485 1129 1677 1179 Brutus
1728 1137 1907 1183 auctor
1960 1133 2134 1184 caedis
2174 1135 2225 1185 in
2270 1134 2406 1187 Cae-

1291 1209 1421 1312 sarlei
1451 1198 2070 1318 Ρῧφῗωιὸἓιιιῗμᾳαυῖι
2098 1200 2166 1251 11.
2196 1201 2400 1319 &35⁸⁹

1292 1303 1300 1310 ο
1361 1327 1437 1379 M.
1475 1280 1668 1383 Brrztzss
1700 1282 1848 1398 patei·
1861 1281 2035 1395 ,1ῃέυὲἰῖ
2067 1283 2227 1386 cio-gaii&
2246 1273 2405 1402 [καὶ

1293 1397 1644 1515 εωΜξΙέιξιῗτ-ιε
1660 1469 1925 1518 accusator
1948 1468 2015 1520 ΙΙ.
2036 1471 2120 1521 98.
2140 1484 2180 1521 s.
2215 1484 2404 1521 omnmo

1293 1544 1490 1598 genere
1519 1539 1675 1586 natus
1708 1534 1776 1586 11.
1809 1538 1891 1587 99.
1965 1591 1970 1602 ,
2245 1536 2252 1541 “

1306 1861 1315 1867 1
1366 1799 1411 1849 C
1438 1806 1490 1851 et
1525 1800 1571 1850 1.
1603 1801 1743 1853 conf.
1779 1801 1850 1852 ΙΙ.
1896 1806 1977 1852 98.
2031 1807 2085 1856 G.
2122 1808 2175 1854 et
2210 1797 2271 1852 L.
2307 1819 2405 1855 no-

1292 1866 1429 1918 mina
1471 1868 1607 1919 conf.
1639 1868 1718 1919 F.
1761 1868 1952 1920 XLII.'
1994 1869 2039 1920 G
2082 1877 2134 1921 et
2171 1869 2217 1919 G
2268 1869 2405 1922 conf.

1292 1934 1378 1984 Fr.
1411 1938 1526 1985 200.
1562 1951 1608 1985 a.
1671 1935 1717 1984 G
1743 1940 1797 1986 et
1834 1936 1924 1987 Cn.
1970 1937 2106 1987 conf.
2141 1936 2204 1987 11.
2239 1940 2322 1987 98.
2370 1935 2417 1986 G

1293 2006 1347 2051 et
1379 2016 1447 2067 qu
1479 2016 1637 2067 perm.
1670 2001 1755 2053 Fr.
1788 2006 1875 2053 68.
1909 2019 2022 2069 sqq.
2058 2007 2170 2060 160.
2209 2002 2323 2054 Get
2345 2003 2405 2054 Τ.

1294 2069 1431 2120 conf.
1464 2070 1554 2120 Fr·
1591 2072 1705 2120 224.
1740 2070 1791 2121 b.
2484 2108 2489 2114 -

1365 2136 1560 2188 Cadere
1617 2136 1681 2188 de
1737 2138 1881 2188 ruina
1941 2137 2005 2204 ΙΙ.
2052 2141 2137 2188 29.
2224 2137 2409 2188 cadere

1291 2204 1529 2269 graviter
1589 2203 1630 2255 l.
1696 2207 1811 2256 170.
1891 2203 2069 2255 cecidit
2125 2204 2287 2273 locus,
2315 2218 2410 2271 pro

1289 2267 1485 2338 prodiit
1517 2270 1606 2322 Fr.
1646 2274 1758 2322 160.
2431 2279 2434 2280 ’

1364 2337 1532 2388 Caeca
1562 2338 1740 2388 domus
1772 2338 1859 2388 Fr.
1892 2340 2010 2388 214.
2044 2353 2122 2388 a..
2367 2369 2386 2389 ι-

1364 2405 1416 2457 (ι’.
1455 2403 1674 2457 Caecina
1708 2405 1916 2469 Ins-gns
1945 2402 2101 2454 COS.
2136 2419 2181 2453 a.
2207 2403 2271 2453 U.
2288 2406 2406 2454 795.

1260 2473 1502 2537 eiusque
1529 2470 1711 2521 domus
1744 2469 1803 2521 F.
1834 2470 2096 2522 XXXVlI.
2112 2485 2152 2521 s.
2183 2470 2412 2521 Caecina

1291 2539 1484 2592 Paetus
1502 2538 1804 2598 consularis,
1823 2539 1967 2588 cuius
1986 2538 2281 2589 consulatus
2297 2537 2415 2588 nul-

1292 2607 1373 2658 lus
1405 2607 1458 2658 iu
1491 2606 1637 2657 fastis
1668 2605 1727 2657 F.
1762 2604 2007 2656 XXXIX.

1363 2673 1593 2725 Caecitas
1610 2672 1833 2723 libidinis
1848 2673 1934 2723 Fr.
1955 2676 2069 2725 102.
2099 2700 2167 2712 --
2200 2671 2411 2726 luminis

1293 2742 1474 2807 incesti
1508 2757 1676 2807 poena
1707 2737 1795 2793 Fr.
1835 2744 1950 2792 102.
2199 2746 2204 2751 ’

1366 2808 1555 2859 Caecus
1586 2807 1817 2859 amentia
1847 2807 1933 2859 Fr.
1970 2812 2089 2861 102.

1367 2876 1572 2927 Caelum
1605 2876 1663 2926 F.
1698 2879 1816 2926 245.

1368 2943 1560 3009 Caepio
1589 2959 1644 2992 v..
1668 2941 1934 2993 Servili-ns..

1365 3011 1577 3075 Caepio,
1594 3009 1776 3059 Scauri
1790 3014 2062 3060 accusator
2088 3010 2172 3060 Fr.
2197 3013 2318 3060 210.
2336 3026 2410 3074 sq.

1364 3078 1638 3127 Caeritum.
1659 3075 1914 3126 distinctio
1947 3075 1992 3126 Ι.
2043 3075 2220 3126 Praef.
2265 3076 2411 3127 xm.
2476 3071 2489 3087 '

1297 3143 1539 3197 caeritum
1573 3140 1684 3209 (4η)
1715 3141 1918 3192 tabulas
1950 3141 2136 3205 refesti
2163 3142 2204 3192 Ι.
2239 3146 2324 3194 99.
2349 3178 2354 3182 -

1278 3260 1285 3265 .
1370 3211 1590 3268 Caesar„
1622 3208 1804 3269 Catuli,
1837 3208 2021 3275 patris,
2047 3210 2224 3272 frater
2240 3208 2281 3258 Ι.
2296 3212 2412 3260 273.

1366 3281 1429 3330 C.
1466 3277 1928 3341 caesanPompeii
1961 3291 2113 3328 socer
2144 3276 2211 3327 Π.
2244 3279 2413 3327 3388.
2483 3292 2499 3309 ‘

1300 3347 1410 3399 eins
1444 3345 1686 3410 regnandi
1721 3340 1976 3409 cupiditas
2005 3343 2073 3395 Η.
2105 3347 2275 3395 3398.
2308 3342 2414 3393 Ρα-

1299 3429 1424 3465 rem
1461 3412 1666 3462 Patriae
1697 3412 1985 3463 nominatur
2015 3412 2080 3462 Π.
2114 3414 2227 3463 341.
2264 3409 2418 3462 Cice-

1301 3481 1412 3533 roni
1445 3479 1702 3533 invidebat
1733 3479 1775 3530 Ι.
1811 3483 1925 3532 180.
1975 3479 2149 3531 Sullae
2192 3478 2418 3529 aemulus

1301 3549 1366 3600 11.
1399 3549 1517 3598 425.
1564 3549 1678 3598 426.
1727 3549 1980 3599 scelerum
2024 3547 2270 3611 magister
2300 3546 2416 3595 425.

1303 3618 1412 3669 eins
1459 3615 1691 3667 interitus
1735 3614 1802 3665 ΙΙ.
1847 3617 1931 3665 46.
1964 3631 2007 3667 s.
2068 3614 2194 3666 eius-
2234 3626 2416 3662 nomen

1303 3698 1419 3736 cum
1465 3683 1813 3747 indignatione
1862 3681 2189 3747 supprimitur
2231 3678 2298 3729 ΙΙ.
2334 3681 2415 3728 47.
2461 3738 2472 3743 ‚

1301 3752 1352 3803 ei
1383 3756 1586 3801 mortuo
1631 3765 1830 3814 parere·
1866 3748 2164 3799 οἰυίιαεάτ..
2187 3746 2254 3796 ib.
2319 3744 2413 3794 Ti·—

1303 3816 1529 3871 mefacta
1563 3818 1625 3866 ab
1661 3832 1723 3866 eo
1756 3814 2190 3867 libertasemersit
2218 3810 2419 3865 iudiciis
2440 3854 2453 3867 .,

1302 3884 1475 3937 tacitis
1510 3889 1570 3935 et-
1595 3882 1814 3933 occultls
1843 3881 1909 3932 de
1943 3881 2134 3933 honore
2165 3879 2417 3945 suffragiis

1305 3952 1372 4004 11.
1396 3953 1480 4001 49.
1524 3950 1633 4000 eius
1661 3948 1880 4005 heredes
1911 3950 1976 4001 11.
2008 3951 2088 3998 58.
2124 3948 2233 3998 eius
2268 3962 2416 4011 pecu-

1306 4018 1511 4071 niarum
1535 4016 1818 4073 translatio
1850 4033 1882 4066 a
1913 4014 2318 4067 iustis..dominis
2351 4013 2419 4064 ad

1310 4086 1503 4137 alienos
1536 4082 1575 4135 Ι.
1627 4086 1742 4135 108.
1792 4090 1850 4134 ut
1894 4081 2026 4133 hosti
2071 4081 2266 4146 patriae
2305 4081 2418 4132 infi-

1310 4152 1455 4204 deles
1488 4151 1695 4202 fuerunt
1726 4151 1870 4202 multi
1902 4149 2117 4200 11.›344.-
2183 4149 2292 4203 eius
2339 4153 2419 4199 te-

1310 4219 1532 4285 meritas,
1568 4224 1776 4271 notatur
1813 4218 1853 4268 Ι.
1884 4220 1967 4267 59.
1992 4230 2033 4266 s.
2084 4216 2193 4269 eius
2230 4216 2420 4268 oratio-
2511 4236 2512 4239 =

1311 4302 1404 4339 nes
1438 4287 1489 4338 iu
1517 4286 1609 4338 Cn.
1637 4285 1953 4338 Dolabellam
1980 4283 2070 4336 Fr.
2093 4287 2211 4338 210.
2224 4299 2267 4335 s.
2298 4290 2420 4348 pro-

1314 4353 1562 4421 digus-ll.
1601 4356 1712 4411 106.
1760 4357 1990 4407 mortum
2019 4349 2182 4413 victor
2213 4351 2277 4403 11.
2303 4350 2420 4405 163.
