2850 5225
678 384 1034 450 RERUM
1090 387 1219 451 ΕΤ

159 523 369 585 Neutra‘
382 543 552 585 rerum
570 534 854 589 mediarum
872 536 915 589 1.
930 542 1051 591 321.
1086 556 1213 593 neu-

76 607 233 658 trum
279 601 642 682 adiectivorum
693 605 929 662 absolute
972 623 1067 673 pro
1112 609 1212 660 alio

77 670 600 803 {33‘203’3232135
636 673 750 805 ῗὲἔ·
778 675 902 791 ἐιῗῖ·
922 677 1212 813 Ξέἒὲὲἓᾶ

78 817 237 868 pron.
302 804 602 869 quidquam,
663 805 799 856 nihil
856 809 957 859 etc.
1006 809 1073 861 Π.
1128 812 1210 863 48.

77 870 330 922 adiectivi
361 886 594 939 pronom..
637 879 739 925 etc.
776 888 892 926 cum
928 878 1211 929 substanti—

74 938 162 988 vis
199 938 331 989 alius
364 941 571 1003 generis
605 939 645 992 Ι.
660 945 743 993 26.
776 940 842 992 11.
857 945 941 994 31.
964 947 1049 995 37.
1080 960 1210 996 neu-

78 1011 225 1086 trum
269 1006 466 1086 plurale
515 1008 729 1089 respicit
776 1009 842 1061 ad
891 1012 1209 1063 substantiva

72 1071 801 1218 33533322192⁰22f03¹30ffi
820 1075 936 1197 131.
963 1079 1209 1198 ἶξῗιωῖΐ

72 1207 404 1271 pronominis
438 1210 784 1275 praecedente
826 1212 957 1264 alius
1072 1216 1208 1266 ueris

74 1275 425 1339 substantivo,
457 1277 758 1352 praesertim
792 1294 837 1331 v.
871 1295 956 1330 res
977 1230 1057 1334 Ὶῗ.
1087 1285 1205 1334 301.

147 1340 335 1394 Nea-ae
364 1342 505 1394 inter
537 1360 592 1395 se
621 1342 839 1397 virtutes
870 1346 916 1398 1.
951 1350 1036 1401 36.
1063 1393 1070 1404 ,

146 1406 332 1462 Nem
361 1411 766 1478 mancipiumque
797 1413 864 1464 Π.
898 1418 1013 1465 299.
1034 1430 1077 1467 s.

143 1474 224 1526 Na·
252 1477 307 1528 in
337 1478 509 1530 iudicii
535 1479 764 1533 formulis
778 1481 861 1533 Fr.
878 1477 1205 1552 21.inspon-·

69 1544 310 1595 sionibus
343 1544 410 1597 11.
442 1549 559 1600 327.
587 1562 629 1600 s.

142 1610 344 1676 Na’eias,
377 1613 560 1678 Pyrrhi
595 1615 848 1681 parricida
880 1617 920 1670 Ι.
953 1621 1069 1670 350.

141 1677 298 1729 Nihil
330 1695 398 1731 an
428 1681 505 1731 m'l
536 1682 621 1734 Fr.
654 1685 737 1734 84.
760 1684 814 1734 b.
849 1701 945 1751 per
967 1681 1202 1755 ,ἀναφο-

68 1739 181 1814 (τᾶν
215 1748 492 1814 repetitum
525 1749 613 1801 Fr.
649 1753 769 1802 198:
798 1769 844 1803 a.
877 1752 1014 1803 *nihil
1036 1768 1200 1821 agere

71 1824 253 1865 amem
288 1820 342 1865 et
374 1814 506 1865 nihil
538 1829 709 1882 aztpem
742 1833 904 1885 agere
926 1835 1081 1873 sensu
1098 1822 1198 1873 dif-

66 1882 250 1933 ierunt
262 1881 333 1933 11.
352 1885 433 1948 12.
465 1881 598 1935 nihil
619 1884 731 1950 fuit
758 1896 859 1938 etc.
874 1926 890 1952 ‚
924 1894 1000 1951 nt,
1021 1905 1197 1954 quare,

71 1964 187 2013 cur,
224 1950 363 2016 quod
395 1951 439 2001 l.
474 1955 597 2006 271.
633 1952 766 2006 nihil
799 1954 999 2021 tur-pt‘m
1026 1971 1073 2008 v.
1090 1963 1198 2008 tam

35 2022 228 2083 *turpe
272 2022 406 2079 etc.,
451 2019 563 2071 siue
605 2036 651 2073 v.
698 2026 776 2071 est
815 2021 857 2073 Ι.
902 2026 1017 2074 158.
1066 2023 1199 2084 nim

72 2083 289 2135 omnino
319 2085 406 2137 Fr.·
439 2089 634 2140 161·.ὀ.
664 2085 798 2140 nihil
829 2105 946 2141 cum
981 2107 1196 2158 compa—

5 2155 6 2158 ’
67 2153 240 2203 rativo
274 2160 575 2220 compensat
607 2157 969 2222 superlativum
1014 2159 1078 2212 ll.
1112 2163 1194 2211 95.

71 2235 198 2271 cum
239 2222 583 2288 comparativo
627 2239 746 2289 opp.
792 2225 878 2275 alii
924 2230 978 2278 et
1019 2228 1197 2293 &eneti

71 2293 129 2338 et
163 2301 377 2339 numero
409 2288 474 2340 11.
507 2292 590 2341 48.
639 2290 770 2342 nihil
800 2291 970 2344 minus
1000 2310 1046 2345 v.
1080 2294 1197 2360 plus

70 2370 143 2405 an
178 2355 274 2421 pro
307 2355 469 2407 nihilo
500 2356 670 2408 minus
713 2375 758 2412 v.
802 2360 923 2426 plus
955 2360 1196 2413 dicauit?

69 2422 139 2473 ΙΙ.
174 2424 296 2473 247.
329 2422 461 2473 nihil
481 2424 650 2476 minus
678 2442 799 2478 cum
815 2428 980 2494 ellipsi
998 2444 1201 2496 eprae-

70 2488 227 2542 cedd.
261 2491 547 2557 supplenda
578 2493 644 2544 11.
677 2497 793 2545 337.

140 2555 399 2608 Nimirum
430 2559 461 2609 i.
496 2574 546 2625 q.
577 2559 720 2612 haud
752 2560 902 2614 dubie
933 2562 998 2615 ΙΙ.
1032 2567 1147 2616 136.

138 2623 312 2676 Nimis
346 2622 517 2706 opinio
543 2629 859 2708 profundere
891 2630 938 2682 1.
960 2635 1081 2715 227.
1113 2631 1200 2684 πί·-

69 2709 410 2813 Ὕῶᾚί
443 2697 1116 2817 22.53;z²3325?'1¹203¹’.2..·
1142 2774 1196 2820 et

69 2827 182 2879 nisi
195 2828 244 2878 si
271 2829 466 2882 ironice
483 2830 524 2881 I.
539 2835 657 2885 255.
675 2831 781 2881 nisi
791 2833 939 2897 forte
957 2834 1000 2884 1.-
1018 2836 1137 2885 254.
1154 2851 1195 2887 s.

68 2895 255 2947 harum
291 2903 445 2961 partt.
477 2901 793 2950 constructio
830 2902 899 2952 ib.
936 2904 1054 2955 254.
1095 2901 1201 2954 nisi

66 2979 196 3081 {ero
221 2964 262 3016 Ι.
296 2967 418 3082 ,ξ’-55.
453 2964 583 3030 nisi,
617 2965 722 3018 nisi
737 2969 905 3033 sorte,
940 2967 1047 3027 nisi
1075 2986 1197 3022 vero

112 3047 160 3082 r.
194 3034 278 3082 44.
345 3069 360 3084 .

139 3097 401 3151 Nobilitas
434 3101 486 3152 in
520 3116 578 3153 re
611 3102 822 3166 publica
845 3103 1003 3154 Rom.
1021 3103 1062 3154 Ι.
1077 3107 1194 3156 280.

68 3167 293 3284 guizi-:tignis
327 3169 544 3287 {interl}
577 3170 749 3223 lumen
783 3176 865 3224 est
896 3169 962 3223 II.
979 3175 1082 3247 87.
1099 3188 1198 3223 πο-

247 3249 302 3284 es
390 3272 403 3286 .
542 3274 555 3288 .
898 3252 920 3263 ‘

138 3298 354 3359 Nocere
369 3305 604 3356 miserius
633 3310 732 3369 est,
769 3321 923 3373 quam
954 3305 1091 3359 laedi
1125 3307 1194 3359 ΙΙ.

68 3371 190 3419 230.
238 3385 492 3437 nocer-ene
529 3372 718 3425 debeat
758 3374 1031 3427 lacessitus
1065 3375 1196 3427 inin-

69 3437 149 3488 ria
182 3435 227 3487 1.
263 3439 350 3489 47.
384 3455 575 3490 nocens
607 3441 642 3490 i·
678 3456 730 3506 q.
765 3457 891 3493 sons
923 3441 989 3493 ΙΙ.
1028 3445 1143 3494 100.

139 3501 310 3555 Nocte
344 3510 394 3556 te
428 3512 482 3558 et
511 3507 713 3573 porticu
745 3508 884 3562 confi
916 3508 984 3565 11.
1009 3513 1126 3562 172.

139 3569 335 3623 Noctes
366 3573 629 3625 mulierum
662 3575 751 3633 1⁴¹1.
784 3581 880 3628 79.

138 3637 410 3690 Nodosum
442 3643 704 3694 exsolvere
736 3643 918 3712 stipem
949 3643 990 3696 1.
1024 3648 1109 3697 99.

141 3704 298 3773 Nolo,
323 3735 395 3751 —·
423 3709 515 3759 sed
548 3726 665 3762 cum
697 3713 860 3779 ellipsi
891 3713 1032 3764 verbi
1065 3712 1196 3764 velle

67 3771 141 3824 II.-
176 3776 292 3825 197.
337 3775 488 3835 nolo,
534 3793 616 3829 me
649 3795 762 3844 seq.
795 3780 933 3831 infin.
967 3780 1040 3832 ΙΙ.
1078 3783 1193 3832 135.

68 3839 264 3892 nollem
286 3842 352 3894 ΙΙ.
368 3847 484 3903 358.
517 3845 708 3896 nouem
725 3863 775 3899 c.
795 3848 960 3914 ellipsi
987 3864 1017 3900 e
1043 3864 1199 3916 prae·-

68 3907 225 3960 cedd.
261 3912 545 3977 supplenda
579 3912 617 3964 1.
652 3917 738 3965 81.

137 3974 345 4027 Nomen
378 3978 583 4042 deferre
614 3980 701 4032 Fr.
736 3983 851 4032 174.
876 3981 930 4035 h.
962 3981 1195 4034 invenire

66 4057 116 4094 v.
156 4043 386 4110 reperire
428 4047 500 4099 11.
532 4051 651 4100 399.
702 4066 756 4101 n.
801 4064 947 4100 suum
993 4049 1194 4102 mittere

66 4108 126 4161 in
156 4110 402 4163 iudicium
444 4112 531 4171 Fr.
552 4119 668 4167 294.
703 4118 923 4169 nominis
953 4110 1193 4169 nobilitas

69 4180 292 4244 posteris
327 4180 497 4235 lumen
531 4188 612 4234 est
643 4183 707 4236 ΙΙ.
732 4187 813 4234 87.
849 4186 1064 4238 nominis
1099 4185 1210 4237 bow

68 4248 119 4297 ni
153 4262 310 4299 omen
345 4250 395 4299 in
431 4249 634 4302 delectu
668 4252 754 4303 Fr.
787 4252 975 4304 LXVI.
1002 4269 1042 4307 s.
1092 4269 1191 4304 no·-

68 4314 206 4364 mine
241 4314 541 4367 obscoenum
562 4316 605 4368 1.
622 4321 737 4368 266.
771 4317 983 4371 nomina
1004 4321 1190 4385 fausta

69 4380 152 4434 Fr.
191 4385 313 4434 181.
338 4399 407 4435 ss.
454 4386 659 4438 nomina
690 4386 866 4440 facere
901 4388 968 4442 Π.
1000 4392 1120 4440 285.
1142 4404 1187 4442 s.

1277 343 1820 457 morloms.
2318 399 2414 494 ν61

1297 553 1485 592 nomen
1516 543 1742 609 iungitur
1774 555 1892 598 cum
1921 537 2118 613 ¹gemere
2142 543 2238 617 pro
2262 535 2435 606 nobi-.-

1297 607 1444 660 litate
1488 609 1577 661 Fr.
1614 614 1728 662 158.
1779 616 1984 666 nomina
2033 618 2414 684 supprimuntur

1297 677 1362 726 ab
1396 677 1742 742 indignatione
1786 679 1852 731 Il.
1887 683 1971 732 47;
2017 687 2221 736 nomina
2263 688 2415 740 femi-
2521 743 2525 748 ,

1287 755 1475 795 ‘narum
1521 760 1603 811 ap.
1638 746 1904 799 Romanos
1946 749 2035 801 Fr.
2072 755 2188 805 125.
2219 769 2263 806 s.
2314 772 2413 806 πο-

1292 808 1517 862 minibus·
1544 812 1720 878 glossa
1752 829 1795 866 ν.
1827 815 1994 865 verbis
2024 817 2064 867 Ι.
2092 822 2211 871 265.
2243 822 2414 873 nomi·

1293 893 1361 928 ne
1394 885 1450 931 et
1481 893 1540 929 re
1573 896 1691 946 opp.
1725 880 1768 933 Ι.
1802 885 1922 934 264.
1973 898 2158 937 nomen
2205 892 2413 954 gentili·
2476 957 2479 962 Ι
2512 925 2520 940 ,

1291 946 1419 996 tium
1453 952 1575 998 ante
1607 963 1918 1013 praenomen
1952 950 2038 1003 Fr.
2074 955 2191 1004 173.

1357 1027 1560 1081 Nomen
1593 1046 1781 1097 regens
1811 1033 2001 1102 duplici
2034 1037 2232 1091 ratione
2266 1043 2411 1108 cogi-

1290 1100 1430 1148 tatur
1450 1097 1485 1159 1.
1505 1101 1620 1160 128.
1635 1100 1839 1162 nomina
1856 1102 2062 1169 propria
2080 1113 2197 1157 cum
2213 1111 2411 1175 magni-

1289 1164 1550 1230 loquentia
1582 1167 1862 1224 reticentur
1895 1168 1960 1220 ΙΙ.
1997 1174 2113 1222 129.
2147 1177 2409 1230 nominum
2480 1175 2493 1179 ”

1291 1233 1612 1301 propriorum
1646 1241 1798 1300 atque
1833 1236 2197 1301 adjectivorum
2231 1244 2296 1294 ab
2329 1242 2408 1297 his

1290 1298 1560 1355 ductorum
1593 1300 1831 1354 form'ati‘o
1864 1303 1948 1355 Fr.
1981 1308 2066 1357 28.
2104 1323 2153 1360 a.
2189 1311 2409 1364 nominis

1288 1367 1481 1432 proprii
1524 1369 1761 1422 traiectio
1806 1371 1844 1422 l.
1881 1373 1999 1423 146:
2039 1372 2105 1425 11.
2141 1379 2257 1427 303.
2310 1394 2408 1430 no-

1286 1448 1405 1485 men
1456 1437 1714 1502 proprium
1763 1438 1909 1504 quasi
1969 1440 2022 1504 in
2082 1446 2407 1510 appositione

1285 1507 1452 1567 postp.
1485 1501 1552 1553 11.
1587 1507 1668 1554 97.
1702 1506 1910 1562 nomina
1942 1510 2150 1580 propria
2184 1527 2214 1561 a
2245 1514 2409 1577 gloss.

1285 1568 1462 1619 addita
1494 1570 1562 1621 11.
1596 1574 1711 1622 392.
1746 1575 1863 1625 437.
1909 1576 1976 1625 ad
2009 1575 2050 1626 Ι.
2122 1613 2138 1629 .
2175 1581 2257 1642 32.
2309 1595 2409 1632 no-

1285 1636 1418 1686 mina
1452 1639 1835 1703 possessionum
1869 1635 1900 1691 ‘a
1933 1641 2149 1696 dominis
2184 1647 2409 1711 pristinis

1282 1703 1366 1754 Fr.
1382 1707 1467 1753 28.
1484 1720 1530 1755 a.
1564 1703 1781 1774 nomina]
1796 1707 2072 1774 depravata
2105 1715 2406 1766 coalescen-

1282 1770 1350 1821 do
1412 1786 1532 1822 cum
1593 1788 1908 1840 praenomm.
1969 1776 2053 1828 Fr.
2099 1781 2217 1834 285.
2286 1795 2405 1846 curn
2462 1813 2469 1818 -

1281 1839 1588 1903 cognomine
1621 1842 1812 1892 coaluit
1854 1842 1940 1894 Fr.
1971 1845 2088 1895 225.
2106 1847 2167 1898 b..
2201 1850 2406 1901 nomina

1278 1905 1329 1957 in
1364 1931 1431 1944 -
1453 1921 1514 1956 as
1548 1923 1579 1958 e
1611 1909 1899 1961 nominibus
1929 1910 1983 1962 in
2014 1928 2145 1964 —us
2158 1900 2247 1967 Fr.
2280 1919 2404 1971 225.

1279 1971 1341 2025 V.
1376 1974 1532 2026 etiam
1577 1973 1829 2032 Verbalia.

1347 2055 1637 2110 Nominant
1667 2061 1807 2112 verbi
1842 2062 2031 2130 ellipsis
2047 2080 2079 2115 a
2096 2066 2253 2131 gloss.
2270 2084 2405 2135 sup-

1278 2124 1452 2190 pletur
1484 2125 1526 2179 Ι.
1560 2129 1680 2179 285.
1729 2129 1956 2197 iustitia,
2007 2148 2110 2200 qna
2153 2133 2244 2189 viri
2282 2136 2403 2189 boui

1276 2194 1601 2261 nominantur
1631 2193 1675 2246 I.
1710 2197 1795 2248 46.

1344 2275 1697 2332 Nominativus
1729 2280 1783 2331 in
1817 2282 2137 2348 appositione
2163 2285 2233 2338 ad
2264 2279 2404 2341 inte-
2502 2283 2503 2290 ’

1280 2359 1425 2411 gram
1458 2346 1767 2399 sententiam
1799 2348 1885 2401 Fr.
1919 2354 2033 2401 187.

1347 2426 1472 2479 Non
1505 2429 1694 2485 omissa
1726 2430 1860 2483 inter
1890 2439 1985 2484 aut
2017 2450 2087 2484 an
2113 2434 2198 2487 Fr.
2216 2439 2330 2487 185.
2349 2438 2402 2490 b.
2430 2437 2433 2440 ’

1281 2496 1581 2547 oblitterata
1613 2497 1678 2547 ll.
1712 2501 1828 2550 298.
1863 2516 1965 2564 quo
1994 2500 2190 2553 modo?
2225 2503 2401 2556 Ι.116.

1279 2563 1642 2631 interrogando
1677 2565 1899 2619 affirmat
1930 2568 1975 2621 1.
2002 2573 2120 2624 336.
2154 2585 2249 2638 pro
2262 2585 2401 2624 ποπ-

1279 2628 1389 2682 m?
1421 2631 1488 2682 11.
1521 2636 1640 2683 280.
1675 2637 1793 2687 334.
1838 2637 2163 2690 substituitur
2203 2655 2299 2706 pro
2331 2658 2400 2693 ne

1282 2704 1404 2817 post
1437 2705 1496 2750 ut
1527 2699 1595 2752 11.
1632 2704 1745 2753 139.
1779 2720 1885 2754 mm
1913 2711 1967 2757 et
1993 2721 2088 2756 nec
2114 2714 2168 2759 et
2181 2724 2249 2757 ne
2265 2708 2401 2763 conf.

1306 2766 1351 2818 Ι.
1390 2770 1507 2819 196.
1536 2771 1654 2821 387.
1687 2787 1794 2821 mm
1824 2779 1877 2824 et
1901 2788 2027 2824 num
2048 2774 2400 2828 conf.11.321.

1279 2837 1395 2886 378.
1442 2852 1550 2886 mm
1584 2844 1639 2888 et
1669 2853 1796 2890 neve
1826 2839 1969 2891 conf.
2006 2840 2071 2893 11.
2107 2845 2226 2894 194.
2293 2860 2400 2894 non

1280 2901 1461 2968 habeo,
1498 2918 1713 2968 quae—
1724 2905 1893 2971 possit
1926 2906 2007 2957 11:
2031 2911 2147 2959 342.
2181 2927 2288 2961 non
2321 2911 2401 2962 ita

1279 2970 1440 3020 multo
1473 2969 1540 3019 ΙΙ.
1575 2975 1657 3022 39.
1690 2988 1798 3022 non
1825 2971 1956 3023 iuste
1985 2979 2037 3024 et
2051 2973 2242 3027 iniuste
2258 2978 2399 3031 conf.

1278 3036 1347 3087 11.
1378 3039 1499 3087 342.
1534 3053 1642 3086 non
1670 3038 1823 3089 modo
1858 3047 1912 3090 et
1943 3056 2053 3090 non
2085 3042 2238 3093 modo
2271 3062 2397 3109 non,

1245 3134 1249 3141 -
1278 3102 1436 3165 nihil,
1472 3103 1668 3154 nullum
1702 3110 1821 3158 etc-
1851 3112 1973 3158 ante
2008 3108 2100 3158 sed
2126 3123 2184 3167 y.
2219 3126 2399 3162 verum

1278 3170 1436 3223 etiam
1468 3171 1512 3221 l.
1547 3174 1662 3223 165.
1680 3189 1750 3225 sa.
1783 3189 1891 3224 ποπ
1911 3173 2063 3225 modo
2090 3183 2145 3227 et
2161 3190 2269 3227 non
2284 3194 2400 3229 moe

1280 3238 1347 3289 do
1380 3255 1486 3290 non
1501 3255 1549 3292 v.
1566 3256 1733 3302 nemo,
1769 3241 1985 3303 nullum,
2013 3258 2278 3308 uunquam
2294 3252 2395 3297 etc.

1277 3323 1383 3372 seq.
1422 3307 1503 3358 vel
1536 3310 1878 3375 antecedente
1912 3310 2314 3377 vae—quidem,
2345 3329 2397 3366 v.

1247 3424 1258 3438 ,
1278 3372 1488 3426 omnino
1518 3391 1645 3438 nou,
1680 3392 1846 3437 nemo,
1882 3376 2079 3428 nullum
2102 3385 2202 3431 etc.
2235 3396 2281 3434 v.
2309 3379 2397 3432 vix

1278 3448 1379 3494 etc.
1412 3441 1478 3493 11.
1505 3445 1623 3493 382.
1642 3459 1683 3495 s.
1717 3461 1825 3495 non
1855 3446 2009 3496 modo
2040 3463 2136 3512 pro
2170 3465 2277 3498 mm
2311 3465 2398 3499 so-

1278 3510 1382 3561 lum
1415 3508 1485 3562 11.
1514 3512 1636 3562 225.
1684 3529 1793 3564 ‘non
1836 3513 1989 3564 modo
2015 3542 2086 3560 -ψ
2109 3515 2200 3565 sed
2243 3515 2397 3567 etiam

1278 3578 1345 3629 ll.
1379 3580 1499 3630 212.
1534 3594 1641 3630 nou
1656 3581 1998 3633 modo—sed
2029 3582 2397 3648 ne-—qw'dom

1279 3645 1347 3696 ll.
1381 3649 1501 3696 330.
1548 3663 1657 3699 non
1685 3648 1837 3700 modo
1870 3665 2006 3712 non,
2056 3650 2149 3701 sed
2174 3676 2246 3689 —-·
2277 3649 2396 3703 huic

1277 3712 1527 3766 formulae
1562 3730 1593 3765 a
1627 3716 1785 3780 gloss.
1803 3711 2175 3769 additur'etium
2189 3717 2256 3768 11.
2274 3721 2392 3771 322.

1276 3796 1381 3831 παπ
1416 3782 1571 3833 modo
1605 3789 1808 3843 autem,
1841 3800 1948 3833 non
1964 3785 2116 3835 modo
2143 3783 2278 3834 enim
2295 3794 2394 3843 etc.

1278 3848 1317 3900 Ι.
1356 3852 1469 3900 147.
1521 3865 1630 3899 non
1672 3851 1824 3900 modo
1866 3865 1962 3917 pro
2009 3867 2075 3901 ne
2109 3850 2276 3902 dicam
2306 3853 2394 3905 Fr.

1276 3919 1356 3967 47.
1393 3932 1439 3967 a.
1471 3932 1590 3980 non·
1610 3933 1875 3983 nunquam
1911 3924 1964 3969 et
1996 3917 2256 3970 interdum
2290 3920 2395 3975 diff.

1277 3985 1317 4035 l.
1353 3987 1468 4036 159.
1517 4000 1624 4034 uon
1675 4001 1802 4051 queo
1852 3992 1907 4038 et
1954 4001 2173 4052 nequem,
2202 3993 2302 4041 etc.
2346 3990 2391 4043 l.
2487 4044 2491 4053 ,

1274 4055 1462 4103 237.ι.
1508 4067 1616 4103 noaz
1663 4052 1782 4119 quia
1823 4069 1926 4105 non
1970 4069 2079 4119 seq.
2123 4055 2216 4105 sed
2260 4057 2396 4122 quod

1274 4119 1359 4171 Fr.
1394 4122 1475 4169 11.
1512 4118 1563 4169 b.
1591 4124 1726 4185 ,nom
1762 4120 2004 4189 quidquid
2038 4125 2393 4190 etnumqm’d.

1275 4186 1410 4253 quod
1455 4185 1591 4238 conf.
1635 4189 1703 4240 Π.
1737 4193 1854 4240 275.
1903 4205 2011 4239 non
2045 4189 2154 4255 quit
2187 4198 2289 4245 ete.
2325 4192 2391 4243 11.
2472 4230 2479 4245 0

1271 4257 1389 4305 297.
1426 4269 1535 4303 non
1570 4269 1669 4319 quo
1701 4257 1791 4308 Fr.
1826 4259 1944 4307 147.
1971 4272 2012 4307 s.
2060 4275 2169 4310 non
2200 4286 2269 4297 —
2301 4258 2393 4309 aed

1271 4332 1365 4388 pro
1410 4337 1521 4371 uon
1564 4324 1760 4390 solum,
1814 4324 1908 4375 sed
1941 4324 2096 4377 etium
2127 4327 2196 4379 11.
2230 4330 2315 4377 55.
2344 4340 2391 4374 s.

1271 4405 1379 4445 non
1413 4388 1577 4442 solum
1608 4400 1678 4432 —·-
1710 4390 1802 4445 sed
1835 4392 1921 4448 Fr.
1958 4397 2042 4447 16.
2065 4394 2114 4447 b.
2160 4407 2391 4446 aon-sn-
