2850 5225
702 366 1041 432 RERUM
1093 344 1218 432 ΕΤ
1269 341 1776 436 nle'moms,

66 515 389 574 coniunctivi
422 518 477 571 in
509 531 586 570 or.
620 517 825 592 obliqua
851 535 959 587 pro
1003 523 1225 590 inipet-

58 584 212 637 feeto
253 585 293 636 1.
328 592 408 639 86.

131 652 428 720 Praesens]
463 651 529 705 In
563 672 619 705 re
653 662 958 719 praesente3
991 654 1047 705 in
1080 671 1187 707 rem

59 733 398 786 praesentem
425 722 519 786 ire,
556 739 837 786 excurrere,
854 722 1046 788 venire,
1066 737 1187 789 per-

65 787 261 840 ducere
303 791 346 842 1.
382 795 463 841 72.
492 806 533 841 s.
588 789 742 856 quod
768 761 917 843 adest
961 792 1189 856 quodque

62 869 325 921 praesens
363 865 438 909 est
471 859 509 910 1.
542 862 627 909 26.
644 875 687 910 s.

64 989 138 1041 Π
136 924 507 977 Praestabilius
554 931 608 977 et
653 923 1005 991 praestantius
1049 925 1187 978 conf.

136 1059 477 1114 Praestantia
509 1077 626 1114 cum
654 1061 885 1128 genitivo
902 1078 995 1153 pro
1014 1068 1202 1137 praep²

64 1141 201 1193 prae
237 1129 279 1180 I.
316 1130 429 1179 217.

137 1194 498 1252 Praestantius
543 1197 770 1263 iungitur
811 1213 927 1250 cum
961 1212 1005 1249 v.
1042 1204 1190 1263 opta·
1203 1191 1218 1204 ⁰

64 1260 218 1313 bilius
251 1263 464 1315 1Ι.14.

136 1337 417 1383 Praestare
450 1331 524 1384 dr.
558 1332 788 1395 venditor
831 1332 896 1384 ΙΙ.
930 1336 1045 1383 278.
1091 1333 1193 1383 ali-

65 1399 201 1466 quid
232 1400 379 1452 alteri
413 1400 472 1467 (ἰ.
506 1418 552 1452 e.
588 1391 711 1453 dare
747 1400 946 1466 facere)
982 1399 1047 1451 11.
1076 1385 1189 1450 315.

136 1471 357 1518 Praeter
407 1473 525 1533 post
580 1485 672 1519 nec
724 1468 999 1534 quidquam
1049 1467 1194 1518 aliud

66 1533 142 1586 11.
172 1537 252 1612 14.
286 1546 499 1599 praeter
530 1535 737 1585 modum
771 1535 837 1585 11.
870 1539 951 1586 74.
985 1542 1192 1600 praeter

69 1599 367 1667 opinionem
398 1620 442 1654 v.
479 1609 730 1667 optatum
745 1603 812 1654 ΙΙ.
847 1607 932 1653 70.
984 1610 1192 1667 praeter

67 1676 285 1721 ceteros
303 1669 570 1722 nobilitata
603 1670 879 1722 erudelitas
910 1669 1193 1762 Phalaridis

137 1811 361 1857 Praeter
362 1821 425 1856 ea
441 1812 494 1858 et
510 1812 718 1871 praeter
734 1806 871 1858 conf.
888 1806 975 1859 Fr.
994 1811 1113 1860 225.
1132 1807 1185 1856 b.

135 1873 436 1924 Praeterire
480 1872 674 1939 aliquid
707 1873 981 1925 maximum
1013 1872 1189 1926 vitium

68 1939 131 1992 in
163 1939 441 1992 dividendo
474 1942 513 1992 l.
548 1946 631 1993 23.
779 1981 782 1988 ,

136 1999 428 2061 Praeterita
464 2004 725 2079 ἀορίστως
759 2027 845 2077 pp.
877 2010 917 2062 Ι.
945 2011 1062 2061 306.
1095 2025 1190 2076 Ρο-

65 2074 258 2138 tuisse3
292 2075 542 2141 potuisset
577 2093 693 2128 cum
728 2078 1006 2143 negatione
1020 2077 1085 2127 11.
1102 2080 1186 2127 31.

137 2143 428 2197 Praeterita
477 2151 535 2196 ut
579 2148 873 2211 praesentia
920 2151 1189 2198 narrantur

136 2278 555 2332 praetermittere
622 2286 676 2333 et
739 2257 1027 2346 relinquere
1093 2281 1189 2367 sibi

68 2347 298 2414 opp.ll.
340 2351 454 2399 197.

138 2420 360 2466 Pruetor
395 2421 448 2466 et
477 2420 752 2482 praeterea
786 2416 923 2468 conf.
954 2416 1039 2467 Fr.
1073 2419 1187 2467 225.

68 2485 125 2535 b.
158 2483 439 2549 praetori.
477 2500 524 2548 q.
554 2490 863 2550 propraetor
891 2484 954 2535 11.
973 2487 1053 2535 97.
1095 2499 1188 2549 pro

66 2550 381 2630 imperatore
424 2550 465 2601 Ι.
502 2554 617 2601 340.
671 2552 923 2618 praetoris
967 2551 1190 2604 edictum

71 2620 141 2671 de
170 2618 341 2683 pactis
375 2625 429 2670 et
456 2619 722 2685 promissis
756 2620 824 2671 ΙΙ.
862 2623 982 2671 356.

136 2692 472 2737 Praevertere
516 2687 790 2738 utilitatem
825 2689 904 2759 (V.
938 2660 1188 2753 utilitati)

69 2752 262 2818 religio
297 2754 384 2804 dr.
405 2753 469 2805 lL
506 2758 621 2806 376.
773 2780 776 2785 -

138 2821 375 2871 Precarii
405 2822 643 2873 iudicium
677 2820 741 2873 11.
776 2827 891 2877 312.
909 2840 951 2875 ε.

136 2911 327 2955 Presse
362 2904 500 2969 loqui.
528 2905 566 2956 1.
599 2910 720 2957 271.
755 2906 866 2972 ipso
902 2906 1005 2959 oris
1034 2910 1185 2974 pres-

69 2989 134 3024 su
167 2978 220 3024 et
253 2988 381 3022 sono
415 2971 814 3041 literatissimum
845 2974 1047 3026 vincere
1078 2977 1151 3027 ib.

134 3055 369 3108 Pretium
404 3072 468 3107 an
497 3063 639 3110 recte
660 3059 1013 3110 scribatanr.
1032 3062 1115 3109 23.
1133 3060 1186 3110 b.

64 3122 258 3192 pretiis
291 3123 565 3174 carissimis
599 3127 832 3177 absolute
869 3143 919 3192 p.
938 3127 1024 3177 Fr.
1042 3128 1130 3177 23:
1145 3142 1188 3177 s.

133 3207 320 3259 Pridie
353 3214 410 3259 et
434 3207 684 3275 postridie
718 3210 855 3262 conf.
890 3211 976 3263 Fr
1014 3215 1126 3262 123.
1178 3262 1182 3269 ,

132 3291 316 3345 Prima
375 3293 648 3343 secundum
709 3293 995 3355 Naturam3
1063 3312 1191 3361 quae

66 3359 241 3428 prima
275 3359 401 3410 data
436 3367 556 3411 sunt
590 3366 783 3425 natura
817 3380 860 3414 V.
897 3379 931 3413 a
952 3361 1189 3424 Natura3

68 3444 205 3507 quae
258 3434 378 3478 suut
423 3427 595 3494 prima
654 3428 893 3495 (ascita)
945 3428 1190 3492 Naturd,·

61 3494 243 3563 prima
272 3494 509 3547 Naturae
544 3498 840 3563 commoda,
856 3497 1055 3564 primae
1073 3499 1189 3578 Na-

70 3570 223 3614 turae
286 3562 662 3621 conciliationes
722 3564 788 3617 ΙΙ.
840 3569 954 3617 203.
1019 3565 1193 3632 prima

69 3629 444 3681 commendatio
461 3629 696 3683 Naturae
713 3633 779 3684 ib.
803 3631 976 3701 prima
987 3636 1191 3700 postre-

68 3714 158 3749 ma
193 3699 230 3749 Ι
267 3701 383 3748 135.
442 3698 610 3778 prima
659 3706 709 3751 et
759 3717 955 3753 summa
1001 3701 1071 3752 ll.
1106 3707 1189 3754 26.

66 3765 243 3845 prima
291 3765 588 3818 constitutio
622 3765 858 3819 Naturae
907 3769 949 3820 1.
983 3772 1071 3820 24.
1105 3775 1190 3821 26.

67 3832 239 3900 primo
277 3831 456 3883 auditu
487 3835 554 3892 11.
593 3838 708 3885 109.
768 3834 967 3902 primus
1001 3837 1191 3890 ascitus

71 3907 126 3953 et
159 3899 447 3959 declinatus
483 3901 550 3952 11.
586 3906 702 3953 203.

135 3968 371 4019 Primum
387 3994 452 4007 -
469 3969 560 4020 sed
594 3970 634 4019 l.
669 3973 783 4022 219.
818 3970 1054 4037 primum,
1083 3988 1192 4024 non

70 4043 321 4115 sequente
340 4037 440 4087 alio
459 4032 701 4088 adverbio
720 4037 1189 4091 ordina111.108.s.

69 4103 295 4169 primum
332 4108 385 4155 et
415 4103 560 4170 prius
606 4106 656 4155 in
693 4121 926 4158 connexo
972 4106 1039 4158 ΙΙ.
1077 4111 1190 4159 127.

67 4170 293 4250 primum
326 4176 385 4222 ut
416 4171 502 4223 Fr.
537 4175 654 4223 172.
690 4174 743 4224 b.

31 4240 36 4245 ’
146 4237 398 4318 Princeps
433 4238 555 4288 civis
587 4238 654 4290 ΙΙ.
672 4243 786 4293 322.
815 4239 1123 4308 principesi.
1143 4257 1190 4293 e.

70 4303 347 4386 optimates
384 4306 425 4356 Ι.
461 4310 575 4358 196.

136 4372 471 4455 Principatus
512 4372 666 4427 unius
707 4372 941 4449 cuiusque
972 4378 1192 4447 naturae

2304 372 2387 436 ‘n

1274 519 1313 570 L
1332 523 1449 571 228.
1485 522 1692 586 generis
1720 519 1965 576 humani·
1950 538 2003 575 ιιι
2027 523 2238 590 singulis
2258 538 2390 578 eon·-

1274 588 1624 639 servandusl.
1660 593 1775 640 237.
1812 590 1998 641 Scauri
2028 591 2123 648 Fr.
2149 595 2269 644 217.
2304 593 2365 644 b.

1338 653 1602 721 Principia
1651 649 1886 708 Naturae
1918 660 1974 710 l.
2025 663 2108 709 33.
2158 660 2228 710 ll.
2274 661 2390 712 214.

1273 725 1391 774 325.
1431 721 1665 774 Naturae
1696 740 1743 775 V.
1775 725 2038 776 naturalia
2070 726 2138 777 11.
2173 729 2288 804 203.
2324 743 2390 780 aa

1272 789 1329 867 in
1366 789 1426 840 iis
1476 793 1707 857 voluptas
1753 793 1870 846 insit
1919 793 2150 843 11.430
2199 792 2393 858 princi-

1308 855 1424 906 ium
1447 864 1511 909 et
1535 858 1684 923 origo
1716 875 1889 910 rerum
1928 859 2249 927 publicarunt
2278 861 2437 916 diff.-

1271 872 1314 976 f
1333 928 1468 974 130.
1499 925 1823 991 principiol.
1857 931 1973 978 262.
2009 943 2111 977 non
2118 944 2255 1045 qseq.
2297 928 2389 982 de-

1274 989 1467 1043 indel.
1507 997 1623 1044 109.
1661 1010 1691 1044 a
1725 995 1881 1059 gloss.
1918 995 2017 1046 adi.

1276 1057 1484 1190 cipiishf
1496 1034 1969 1194 αΪάιιέιιιταῑῗὶιιεῙ
1971 993 2121 1181 agvgr?
2164 1062 2225 1126 of
2118 994 2389 1126 wfjgium

1276 1142 1331 1175 re
1358 1143 1412 1176 er
1473 1145 1499 1177 r
1531 1145 1562 1178 n
1669 1146 1786 1181 nem

1341 1194 1550 1246 Priscus
1584 1194 1736 1248 homo
1773 1214 1816 1248 V.
1838 1214 1964 1256 mos
1998 1204 2098 1250 etc.
2132 1197 2226 1252 Fr..
2237 1203 2320 1250 99.
2336 1198 2389 1248 b.

1341 1254 1678 1328 Privatusque
1713 1271 1763 1315 et
1796 1249 2010 1331 togatus
2044 1263 2085 1315 l.
2123 1269 2236 1317 179.
2280 1264 2394 1332 pri·
2456 1271 2475 1310 J

1238 1329 1385 1380 ,vati
1426 1332 1803 1397 distinguuntur
1837 1349 1869 1384 ιι
1903 1332 2087 1384 eivibus
2132 1333 2171 1385 Ι.
2206 1337 2321 1384 259.
2350 1348 2395 1386 8.·

1271 1398 1489 1462 prvatis
1530 1399 1777 1450 utendum
1800 1390 1877 1452 aa
1921 1401 2025 1452 suis
2068 1399 2111 1451 1.
2144 1402 2228 1451 47.
2258 1399 2392 1468 pri-

1273 1471 1398 1515 vata
1413 1466 1590 1527 nulla
1609 1467 1805 1519 naturd
1838 1468 1908 1518 ib.

1340 1539 1449 1584 Pro
1497 1541 1552 1586 et
1590 1550 1720 1601 prae
1766 1534 1902 1587 conf.
1950 1534 2034 1586 Fr.
2080 1536 2160 1586 15.
2198 1517 2246 1585 ιι.
2292 1549 2393 1600 pro

1274 1599 1306 1650 i.
1341 1617 1388 1666 q.
1426 1603 1487 1652 in
1535 1619 1724 1665 causa,
1775 1603 1827 1654 in
1870 1599 2096 1653 formulis
2142 1599 2308 1653 oratio
2341 1616 2391 1656 V.

1275 1661 1442 1720 dicere
1487 1686 1612 1740 pro
1661 1670 1831 1734 astque
1876 1669 1964 1722 Fr.
1999 1674 2072 1720 7.
2096 1686 2195 1736 pro
2229 1667 2394 1721 nihilo

1210 1763 1214 1766 Α
1276 1735 1459 1787 ducere
1494 1753 1539 1788 v.
1573 1744 1759 1808 putare
1792 1737 1835 1788 Ι.
1877 1742 1993 1788 165.
1997 1754 2124 1815 pro
2150 1737 2392 1802 faculta-

1273 1801 1406 1920 gilbus
1441 1804 1509 1857 ΙΙ.
1547 1798 1660 1858 113.
1709 1821 1809 1872 pro
1850 1803 2067 1858 iniuria
2085 1803 2394 1890 contendere

1339 1935 1744 2002 Probabilismus
1781 1938 1977 1993 ethicus
2010 1940 2077 1992 11.
2108 1935 2161 1992 ’3.

1269 2067 1272 2072 ³
1338 2007 1568 2059 Probare
1627 2008 1802 2073 legum
1859 2007 2122 2061 interitum
2178 2007 2393 2062 1.102.

1267 2073 1483 2140 probari
1512 2075 1628 2126 aliis
1660 2075 1699 2126 l.
1734 2079 1852 2127 278.
1936 2113 1941 2118 -

1339 2143 1585 2194 Probatio
1617 2142 1932 2194 athletarum
1965 2131 2004 2194 Ι.
2038 2147 2157 2195 290.
2202 2142 2395 2210 proba-

1274 2208 1428 2262 tionis
1464 2227 1626 2277 genus
1660 2212 1925 2262 artificiale
1959 2209 2045 2261 Fr.
2070 2213 2194 2262 ..164
2228 2226 2277 2261 ιι.
2436 2230 2447 2234 ·

1278 2275 1284 2288 ¹
1339 2279 1561 2329 Probum
1596 2279 1874 2343 defendere
1906 2277 1973 2330 Π.
2010 2281 2123 2329 136.

1337 2347 1512 2396 Procli
1513 2363 1570 2397 ve
1605 2346 1743 2397 dictu
1777 2347 1861 2397 eui
1893 2361 1951 2396 a
1963 2347 2120 2410 gloss.
2157 2343 2396 2396 adiicitur

1274 2416 1351 2462 esi
1386 2412 1454 2463 ll.
1491 2418 1606 2464 133.

1338 2485 1639 2545 Procerum,
1674 2496 1777 2532 non
1807 2481 2020 2546 procum
2052 2479 2138 2530 Fr.
2175 2480 2288 2530 147.
2312 2494 2361 2530 ιι.

1338 2553 1655 2599 Procurator
1702 2548 1786 2600 Fr.
1821 2551 1909 2598 31.
1965 2548 2067 2598 ruri
2101 2545 2185 2597 Fr.
2221 2549 2304 2597 31.
2338 2547 2392 2597 b.

1205 2647 1209 2650 <
1273 2614 1590 2669 demonstrat
1618 2619 1744 2669 fines
1770 2632 1899 2683 agro
1916 2616 2122 2669 vendito
2141 2615 2225 2666 Fr.
2245 2616 2326 2666 31.
2346 2631 2393 2667 ιι.

1272 2750 1323 2802 n
1337 2685 1601 2749 Prodere,
1651 2685 1686 2736 i.
1733 2701 1783 2752 q.
1836 2685 2054 2752 posteris
2104 2684 2395 2750 relinquere

1335 2822 1590 2872 Prodesse
1620 2820 1677 2872 in
1693 2848 1760 2859 —
1794 2821 1834 2874 l.
1872 2825 1989 2873 178.

1335 2888 1609 2940 Prodicius
1648 2888 1898 2939 Hercules
1930 2888 2191 2939 1.250.s.

1327 2956 1562 3022 Prodigi
1593 2957 1803 3008 11.106.

1337 3022 1614 3085 Pmducta,
1648 3019 1975 3101 προηγμένα
2009 3021 2050 3072 Ι.
2084 3025 2206 3072 320.

1338 3090 1598 3141 Proelium
1637 3089 1922 3140 Caudinum
1956 3090 2020 3140 ΙΙ.
2056 3092 2174 3138 389.

1339 3158 1586 3222 Profecto
1619 3175 1652 3208 a
1696 3159 1942 3224 principio
1988 3155 2210 3220 quodam
2254 3156 2394 3211 mala

1273 3238 1490 3276 manare
1525 3225 1680 3276 latius
1714 3225 2078 3278 ddr.11.155.

1340 3295 1582 3358 Profecto
1618 3292 1922 3345 adhortandi
1955 3290 2204 3359 particula
2236 3291 2277 3344 I.
2304 3295 2356 3344 6.

1273 3400 1281 3408 .
1339 3362 1609 3426 Profluens
1642 3377 1777 3427 aqua
1809 3361 2005 3411 1.125.

1306 3429 1547 3544 ἀΡνιίῙυίι
1582 3435 1636 3480 et
1679 3427 1914 3494 intctfuit
1960 3427 2066 3479 diff.
2100 3427 2200 3478 Fr.
2221 3432 2305 3479 90.
2340 3428 2390 3480 b.

1273 3510 1303 3544 a
1373 3499 1534 3548 δοιοί.

1337 3564 1661 3629 Prosundere
1692 3563 1846 3616 ιιίηιίε
1880 3563 2053 3617 omnia
2087 3579 2129 3615 v.
2164 3561 2391 3627 animum
2462 3603 2470 3610 .

1338 3700 1648 3779 Progressio
1699 3698 1931 3752 discendi
1974 3698 2040 3751 11.
2089 3702 2207 3749 205.
2267 3713 2391 3763 pro-

1274 3768 1597 3832 gressionem
1641 3769 1710 3819 ad
1752 3769 1991 3819 virtutem
2036 3782 2101 3817 an
2127 3766 2389 3844 repudia-

1275 3835 1374 3886 rint
1389 3834 1596 3887 Stoici?
1631 3836 1698 3887 11.
1715 3839 1832 3889 211.
1863 3831 2167 3901 progressio
2184 3850 2229 3885 v.
2247 3848 2391 3902 προ-

1274 3894 1417 3964 κοπή
1450 3904 1490 3954 l.
1524 3907 1639 3954 319.

1339 3975 1448 4019 Pro
1491 3986 1677 4021 ressus
1697 3987 1966 4023 causarum
1999 3969 2039 4021 Ι.
2073 3973 2158 4020 27.
2178 3984 2220 4020 s.

1344 4042 1450 4093 Pro
1490 4036 1625 4089 ibere
1646 4055 1809 4118 ‘aqua
1861 4045 1915 4092 et
1962 4052 2148 4104 aquam
2190 4036 2387 4093 Ι.125.

1273 4080 1544 4184 prohibere
1577 4104 1771 4158 iniuria
1803 4107 1872 4158 11.
1905 4110 2001 4158 81.

1339 4171 1582 4223 Proicere
1613 4173 1696 4225 Fr.
1733 4176 1822 4225 42.
1854 4176 1906 4225 b.

1340 4240 1625 4304 prolapsus
1661 4243 1809 4294 coelo
1840 4241 1882 4293 I.
1918 4244 2030 4293 193.

1338 4307 1687 4360 Proletarium
1717 4310 1769 4360 in
1804 4324 1921 4388 gen.
1956 4308 2042 4361 Fr.
2076 4312 2176 4361 147
2179 4346 2193 4362 .
2228 4326 2274 4360 ιι.

1340 4375 1557 4445 Proliaea
1587 4383 1908 4447 etproxtma
1940 4375 2075 4431 conf.
2104 4378 2173 4433 11.
2205 4379 2335 4430 381.
