2850 5225
649 359 705 419 Β
719 359 771 421 Ε
787 357 843 440 Β
858 358 918 419 U
931 358 1000 419 M
1061 356 1194 422 ET

51 509 295 561 Platonis
327 510 640 564 auctoritate
666 511 815 563 abusi
843 511 912 562 ad
939 510 1198 563 tuendam·

52 568 300 645 sulcator
331 570 610 646 ἐξαγωγήν
635 578 693 629 L
714 581 811 628 351
832 605 900 617 —
924 581 1042 630 354.
1093 580 1185 630 iis-

52 647 181 698 dem
232 661 399 696 omma
448 645 620 698 officia
668 647 805 698 vitae
851 646 1018 698 media
1065 651 1184 698 sunt

50 714 124 766 ib.
162 717 284 765 352.
322 712 475 778 [Add.
499 714 704 766 Seneca
732 729 816 779 ep
845 718 927 765 98.
957 715 1052 768 sub
1071 713 1181 779 fin.]

53 781 263 834 virtutis
295 782 505 846 legem·
485 797 542 834 ιιι
557 781 793 834 universo
812 783 1181 846 mundoaguo-

52 849 280 901 scebant
311 849 354 900 Ι.
391 852 509 900 331.
550 848 633 900 Cf.
671 849 802 901 Exc.
839 849 985 900 vul.
1014 867 1182 915 pam

55 919 245 999 cyanei
289 918 326 969 L
360 920 477 967 264.
510 921 629 968 266.
680 931 783 981 quo
817 917 971 968 modo
1006 917 1111 970 orsi
1148 933 1180 967 a

43 1004 225 1052 pnma
263 985 613 1035 constitutione
647 987 922 1036 Naturae?
973 984 1019 1034 Ι.
1053 987 1175 1037 324.

51 1054 407 1105 necessitatem
440 1059 492 1104 et
522 1058 804 1104 Fortunam
837 1064 931 1118 pro
953 1057 1062 1104 Deo
1100 1051 1188 1103 di-

52 1127 192 1172 cunt
209 1122 452 1173 1.326.s.
487 1120 782 1171 Stoicorum
804 1135 1057 1174 summum
1081 1121 1178 1172 bo-

51 1203 176 1240 uum
211 1188 256 1239 1.
294 1191 374 1240 13.
396 1203 439 1239 s.
474 1191 595 1240 324.
631 1191 747 1239 327.
792 1188 904 1238 finis
939 1188 1026 1240 bb.
1075 1202 1177 1252 quo

37 1251 213 1307 'modo
252 1271 283 1308 a
319 1256 601 1306 Carneadis
625 1256 726 1306 fine
755 1254 958 1306 differat
973 1255 1039 1306 ΙΙ.
1054 1257 1175 1305 415

51 1325 172 1375 finis
199 1323 421 1388 eiusque
438 1323 689 1374 formulae
708 1322 772 1373 ΙΙ.
788 1325 908 1374 427.
927 1339 997 1374 ss
1035 1324 1177 1387 priu-

51 1392 248 1457 cipium
298 1389 509 1443 Ethices
560 1391 602 1441 l.
649 1392 763 1442 155.
841 1389 907 1442 de
965 1389 1178 1444 Ethices

54 1458 387 1525 dogmaticae
441 1464 494 1510 et
542 1458 903 1524 paraeneticae
954 1457 1175 1509 utilitate

51 1527 307 1578 dissensio
333 1526 375 1578 Ι.
394 1530 512 1578 316.
549 1525 677 1590 περὶ
706 1527 801 1576 τοῦ
836 1519 1190 1589 καθήκοντος

51 1595 165 1646 libri
200 1594 262 1645 1.
281 1597 361 1644 15.
397 1594 577 1654 divisio
613 1592 829 1645 Ethicae
863 1591 943 1644 St.
971 1591 1172 1644 1.17.s.

50 1667 305 1726 quatenus
354 1661 523 1718 officia
580 1661 751 1713 media
806 1660 874 1711 ad
921 1674 1173 1712 summum

48 1730 248 1781 bouum
296 1729 567 1781 retulerint
616 1729 658 1780 Ι.
708 1727 791 1779 19.
845 1727 1090 1779 iactantia
1124 1727 1169 1778 Ι.

51 1800 166 1848 325.
217 1796 284 1849 de
326 1798 437 1850 Diis
483 1797 734 1849 sententia
778 1796 850 1848 ΙΙ.
901 1799 1046 1848 376..
1071 1810 1173 1862 φι-

49 1864 246 1914 λαυτία
296 1869 350 1917 et
399 1866 840 1917 eudaemonismus
891 1878 956 1913 ex
1007 1878 1171 1928 eoque

51 1931 200 1983 furor
254 1930 493 1983 heroicus
542 1933 583 1983 1.
632 1934 748 1983 354.
800 1925 1048 1980 ἀπάθεια
1098 1929 1184 1981 11.

49 2003 165 2051 383.
201 2000 344 2050 notio
383 2002 504 2050 bom·
530 1997 571 2050 l.
599 2002 718 2050 322.
738 2013 779 2050 s.
815 1997 1030 2050 Stoicae
1063 1997 1171 2048 dis-

52 2068 277 2132 cipliuae
311 2068 623 2119 admirabilis
658 2067 786 2118 ordo
821 2070 876 2118 et
909 2065 1168 2131 composi-

49 2133 121 2185 tio
156 2134 201 2184 Ι.
237 2137 354 2185 323.
403 2135 595 2187 Stoicis
641 2135 839 2200 placet:
891 2137 1169 2184 Honestum

48 2205 212 2253 solam
245 2204 421 2253 bomem
453 2219 559 2254 esse
589 2200 656 2252 II.
691 2206 809 2253 200.
867 2215 1043 2252 eorum
1079 2214 1167 2250 va-

50 2269 157 2322 riae
193 2269 571 2326 declarationes
593 2268 717 2322 'finis
751 2269 834 2320 bb.
868 2268 937 2319 II.
971 2272 1091 2319 202.
1120 2282 1164 2317 s.

50 2337 114 2389 de
125 2339 295 2389 morte
306 2338 587 2389 voluntaria
598 2337 865 2389 decretum
876 2335 959 2386 Fr.
972 2338 1085 2386 151.
1097 2350 1165 2385 ss.

51 2404 219 2458 Stoici
245 2411 433 2471 negant
452 2419 703 2470 summum
721 2405 914 2456 bonum
937 2408 1167 2468 tempore
1239 2463 1244 2470 ι

49 2475 326 2526 aestumari
358 2473 442 2523 Fr.
480 2459 595 2526 153.
630 2488 679 2522 a.

114 2540 265 2591 Stolo
296 2557 342 2592 v.
374 2543 601 2592 Mennim
630 2540 677 2591 F
677 2555 720 2592 r
748 2542 865 2589 290.

114 2609 447 2661 Stomachari
478 2608 544 2661 ΙΙ.
580 2612 699 2661 286.

114 2678 356 2728 Stratum
389 2677 432 2727 Ι.
469 2679 585 2727 145.

116 2745 413 2811 Sto-opham
441 2745 527 2796 Fr.
563 2747 676 2796 104.
693 2744 743 2795 b.
787 2722 899 2791 107.
916 2757 962 2791 a.
998 2743 1114 2792 108.

116 2812 394 2863 Structura
423 2813 694 2864 verborum
725 2810 957 2875 dirigitur
981 2808 1048 2860 ad
1076 2823 1165 2874 op-

55 2879 378 2945 positionem
392 2878 458 2930 ΙΙ.
488 2882 570 2929 89.
603 2883 720 2931 226.

119 2947 316 2998 Sinden
351 2947 484 3012 regit
514 2962 687 2998 accus.
707 2946 1027 3012 reciprocum
1053 2959 1170 2995 cum

53 3014 139 3066 inf.
177 3015 220 3066 I.
258 3016 377 3067 151.
401 3030 522 3095 seq.
556 3013 646 3067 inf.
681 3013 747 3065 ΙΙ.
786 3017 901 3064 135.

118 3081 390 3134 studiosus
433 3084 602 3135 minus
639 3086 745 3146 est,
794 3095 947 3145 quam
995 3080 1173 3130 doctus
1203 3084 1209 3097 ⁴

120 3217 360 3269 Studium
396 3233 512 3283 opp.
549 3232 733 3283 operae
764 3216 807 3267 l.
838 3219 920 3267 66.
951 3216 1171 3267 studium

55 3286 259 3350 aliquod
296 3297 630 3347 emmae,
681 3285 979 3350 repudiare,
1032 3300 1171 3348 sper-

53 3371 169 3404 nere
227 3354 272 3405 I.
327 3358 408 3405 10.
488 3355 663 3406 studia
727 3353 1063 3419 ἱκείἰίιααφιε
1125 3349 1167 3400 I.

54 3424 168 3471 249.
205 3423 380 3473 eludia
414 3420 804 3488 cogitationisl.
826 3423 912 3471 43.
949 3420 1171 3470 delecta-

54 3490 207 3540 tionis
236 3489 276 3539 Ι.
310 3492 395 3542 44.

121 3557 292 3607 Stulti
324 3557 514 3609 Stoicis
548 3555 672 3622 qui?
708 3554 750 3605 l
784 3558 900 3607 155.
923 3569 965 3605 s.

121 3624 367 3676 Stultitia
412 3626 580 3690 glossa
627 3624 931 3676 temeritatis
970 3621 1013 3673 Ι.
1056 3623 1172 3672 335.

61 3691 335 3745 adversarii
364 3692 453 3743 Fr.
489 3695 605 3743 103.
641 3707 690 3747 a·

127 3759 356 3812 Stultum
388 3765 444 3811 et
468 3762 659 3822 salttum
692 3758 829 3810 conf.
861 3758 929 3810 ΙΙ.
963 3758 1080 3808 347.

129 3828 517 3881 Subbast'licani
547 3826 619 3877 ΙΙ.
657 3829 771 3877 171.

128 3895 349 3949 Subdiu·
381 3901 434 3947 et
464 3895 648 3946 subiici
679 3891 818 3947 conf
845 3891 935 3941 Fr.
976 3894 1092 3942 186.
1125 3891 1176 3942 b.

129 3963 375 4014 Subicere
405 3963 491 4016 Fr.
525 3966 609 4019 43.
644 3977 691 4013 a.

128 4022 413 4083 Subiectivi
445 4030 512 4081 ad
556 4028 851 4082 infinitivum
888 4025 1080 4091 ellipsis
1112 4024 1179 4076 Π.

132 4166 439 4223 Subiectum
471 4165 606 4219 inest
637 4164 691 4215 iu
721 4161 1041 4214 νει-50155.
1077 4159 1183 4227 pri-

68 4235 286 4287 marium
317 4234 370 4284 in
404 4247 577 4285 accus.
611 4246 728 4283 cum
771 4229 859 4281 ἰιιΙ,
893 4227 1087 4295 pendet
1120 4228 1186 4279 ab

69 4301 369 4368 interposita
403 4299 758 4352 enunciatioue
808 4295 1111 4349 secundaria
1145 4294 1187 4345 l.

71 4372 150 4420 77.
183 4367 404 4421 subiecti
435 4367 680 4423 indefiniti
714 4379 935 4432 persona
966 4363 1036 4415 ΙΙ.
1070 4365 1187 4416 159.

1227 1931 1266 1958 2·

1253 1945 1362 1995 lug.

1250 360 1794 424 chlole.
2306 366 2413 430 83:

1271 511 1505 566 eiusdem
1535 512 1728 578 ellipsis
1761 514 1803 566 Ι.
1836 516 1954 576 256.
1989 514 2055 569 11
2074 520 2174 574 ’76
2193 532 2235 569 s.
2267 520 2387 569 244.

1267 579 1553 634 subiectum
1570 581 1787 636 membri
1803 582 2095 640 secundarii
2106 589 2385 638 attractum

1267 661 1362 712 pro
1396 647 1606 702 obiecto
1636 663 1671 698 a
1703 663 1753 700 v.
1787 650 2026 714 primario
2059 649 2148 706 Fr.
2185 656 2268 704 21.
2291 669 2334 703 s.
2455 649 2459 654 ’

1332 716 1651 779 &finguntur
1681 715 1775 781 (an
1806 719 2219 786 subiungwaew)
2257 723 2383 771 bello

1266 783 1500 834 civitates
1524 782 1621 842 ..Fr
1657 786 1776 833 207.
1812 800 1859 834 a.

1330 852 1529 902 Subiit-1
1549 868 1746 915 poenae
1784 851 1871 902 Fr.
1907 856 2022 903 186.
2060 854 2109 903 b.
2142 859 2194 904 et
2216 873 2384 920 poena

1260 919 1463 968 subdier?
1496 917 1635 970 conf.
1666 919 1740 972 ib.
1776 921 2047 970 wbiwiuut
2080 938 2134 971 se
2164 924 2384 977 hanzines

1259 985 1467 1051 imperio
1501 987 1715 1037 alterius
1747 996 1797 1037 et
1822 989 2095 1052 potestati
2120 989 2205 1037 de·
2216 993 2383 1041 causis

1251 1055 1488 1118 pluribus
1519 1053 1703 1105 11.·45.

1328 1121 1693 1172 Subiunctivus
1733 1137 1853 1173 cum
1881 1121 2252 1186 significatione
2286 1124 2378 1175 du-

1259 1189 1521 1238 bitationis
1565 1188 1629 1238 Il.
1664 1192 1748 1238 78.
1800 1188 2104 1240 modestiam
2146 1205 2273 1255 prae
2319 1208 2378 1242 se

1258 1254 1363 1306 fert
1389 1255 1457 1306 11.
1473 1259 1594 1307 257.
1611 1259 1727 1307 363.
1764 1258 2038 1308 causaliter
2058 1264 2176 1322 post
2200 1273 2375 1322 pronn.

1258 1325 1400 1373 relat.
1437 1322 1524 1374 Fr.
1561 1327 1646 1374 56.
1680 1324 2017 1376 b.63...a11
2051 1328 2375 1384 28215305.

1241 1393 1375 1442 333.
1411 1393 1530 1442 378.
1564 1391 1679 1442 384.
1715 1394 1833 1442 397.
1861 1407 1904 1442 s.
1934 1398 2079 1459 post
2113 1393 2249 1460 quod
2282 1409 2376 1457 pro

1258 1459 1432 1525 quoad
1461 1457 1530 1510 11.
1565 1461 1682 1508 253.
1723 1458 2161 1512 subiunctivorum
2195 1474 2376 1527 μονο-

1258 1523 1401 1574 ειδία
1438 1525 1506 1576 ΙΙ.
1542 1529 1627 1577 78.
1678 1528 1986 1584 &chiama-tivi
2018 1533 2258 1592 tempora
2292 1543 2372 1578 re·

1207 1585 1232 1657 ζ
1257 1593 1405 1643 lativa
1425 1592 1494 1643 iu
1529 1608 1605 1648 or.
1644 1594 1852 1659 obliqua
1886 1594 1971 1645 Fr.
2007 1598 2097 1652 56
2128 1595 2179 1648 b.
2202 1598 2292 1650 58.
2318 1595 2371 1648 b.
2460 1584 2468 1596 '

1257 1665 1377 1725 post
1410 1678 1520 1712 eum
1546 1662 1603 1714 in
1637 1676 1713 1716 or.
1752 1661 1858 1718 obl.
1888 1661 1955 1711 ΙΙ.
1972 1664 2090 1712 305.
2128 1677 2372 1727 praesens
2422 1671 2431 1678 ”

1253 1729 1316 1778 ἰιι.
1353 1728 1516 1792 figura
1565 1727 1913 1794 interrogandi
1961 1728 2028 1779 ΙΙ.
2082 1733 2198 1779 159.
2250 1733 2370 1781 307.

1254 1801 1599 1861 praeseus.-et
1642 1795 1843 1861 imperf·
1862 1832 1878 1860 ,
1932 1796 2122 1847 omissa
2156 1797 2293 1848 coni.
2325 1798 2376 1847 si

1252 1862 1325 1915 ΙΙ.
1362 1865 1479 1912 323.
1499 1878 1539 1913 s.
1574 1862 1870 1928 imperfecta
1908 1861 2037 1928 (cf.)
2067 1864 2118 1914 in
2148 1867 2201 1915 2.
2240 1878 2393 1928 con·-u

1400 1945 1532 1981 -cum
1577 1930 1837 1982 indicativi
1882 1936 2182 1996 praesente,
2234 1931 2285 1981 in
2318 1933 2368 1980 3.

1252 1997 1457 2062 coniug.
1493 2013 1611 2049 cum
1641 1996 1813 2052 futuro
1851 1998 1985 2050 conf.
2011 1997 2076 2049 ll.
2104 2001 2157 2048 3.
2176 2013 2219 2048 s.
2251 2012 2372 2063 per-

1242 2064 1443 2127 ‚fectum
1478 2064 1613 2117 conf.
1649 2081 1765 2118 cum
1798 2064 2204 2131 plusquamperf.
2240 2065 2372 2116 indi-

1253 2131 1404 2184 cativi
1438 2132 1504 2182 11.
1539 2134 1661 2183 340.

1251 2266 1289 2318 L
1276 2201 1688 2265 Subligadum,
1720 2185 1857 2253 e'ubh
1848 2203 2110 2265 gavulum,
2137 2178 2373 2266 subligar

1318 2335 1528 2386 suboles
1558 2334 1602 2385 Ι.
1640 2337 1755 2385 130.

1318 2403 1692 2468 Subscriptores
1724 2402 1769 2453 F
1769 2418 1813 2452 r.
1849 2406 1971 2454 226.
1989 2418 2034 2453 a.

1319 2471 1573 2520 Sub-sellia
1605 2470 1877 2521 tribunicia
1910 2469 1978 2520 ll.
2015 2472 2131 2520 334.

1320 2536 1633 2588 Subsortitio
1668 2536 1897 2588 iudicum
1929 2537 2018 2589 Fr.
2055 2541 2139 2587 76.
2180 2538 2231 2589 b.
2328 2571 2333 2578 =

1317 2605 1651 2657 Substantiva
1685 2604 1788 2656 duo
1821 2605 1995 2656 iuncta
2026 2604 2128 2667 ‘Fra
2166 2607 2280 2665 154,
2317 2605 2369 2657 b.

1254 2674 1356 2725 duo
1392 2673 1589 2738 absque
1625 2674 1813 2737 copula
1844 2673 1931 2724 Fr.
1965 2675 2082 2724 194.
2098 2689 2141 2724 s.
2175 2677 2293 2724 203.
2322 2689 2369 2724 a.

1255 2742 1439 2793 substt.
1473 2741 1525 2791 iu
1558 2742 1692 2790 —io
1735 2741 1784 2792 vi
1826 2741 2028 2808 passiva
2061 2741 2098 2791 Ι.
2132 2745 2218 2793 29.
2254 2745 2371 2791 279.

1252 2811 1372 2861 294.
1406 2808 1471 2865 ΙΙ.
1506 2811 1589 2858 65.
1624 2812 1705 2858 72.
1739 2812 1827 2860 77.
1864 2813 1947 2860 87.
1981 2811 2066 2859 95.
2098 2810 2149 2861 in
2184 2810 2372 2859 -ien-

1254 2879 1335 2928 tia
1369 2881 1424 2928 et
1456 2902 1526 2912 —
1548 2875 1768 2938 fic-entia
1800 2877 1840 2926 l.
1875 2879 1961 2927 46.
2020 2877 2086 2926 ab
2118 2876 2372 2928 adiectivo

1256 2960 1353 2996 suo
1404 2942 1705 3006 disiungitur
1751 2942 2055 3006 interposito
2100 2945 2258 3007 yerbo
2304 2941 2370 2994 ΙΙ.

1255 3015 1339 3061 70.
1361 3024 1404 3060 s.
1445 3009 1735 3073 primarium
1769 3008 1958 3073 duplici
1990 3008 2190 3060 ratione
2225 3010 2373 3074 cogi-

1255 3077 1468 3129 tandum
1507 3075 1550 3133 1.
1591 3077 1703 3126 103.
1735 3075 1803 3126 ΙΙ.
1843 3076 1957 3125 194.
1993 3075 2125 3127 idem
2162 3082 2214 3126 et
2249 3077 2373 3126 sub-

1256 3145 1376 3198 iecti
1413 3148 1469 3194 et
1502 3142 1782 3209 praedicati
1825 3141 1944 3192 loco
1988 3141 2055 3192 ΙΙ.
2090 3146 2207 3192 257.
2254 3145 2369 3193 393.

1251 3213 1389 3264 idem
1417 3210 1761 3277 praemittitur
1786 3208 2131 3263 coniunctioni
2159 3227 2267 3259 cum
2285 3209 2445 3263 Fr..

1254 3280 1458 3332 2251).
1510 3277 1697 3329 substt.
1741 3277 2019 3329 verbalium
2054 3276 2371 3329 constructio

1324 3413 1590 3466 subveniri
1619 3410 2028 3492 impersonaliter
2058 3411 2127 3463 11.
2162 3414 2251 3461 29.

1322 3481 1629 3547 Suffiagan'
1671 3478 1823 3532 alicui
1870 3478 1938 3529 ad
1976 3479 2286 3547 condatum
2323 3478 2367 3530 l.

1325 3617 1610 3683 Suffragia&
1660 3616 1870 3666 occtdtt's
1925 3615 1989 3664 de
2044 3616 2227 3664 honore
2276 3614 2374 3662 ali·

1259 3688 1461 3802 quaesto
1483 3699 1749 3801 gurgen-e
1790 3683 1868 3733 dr.
1912 3683 2186 3746 timefacta
2218 3681 2374 3730 liber-

1259 3763 1282 3809 t

1276 3771 1448 3871 usui
1456 3823 1560 3868 etc.
1591 3830 1735 3882 prou.
1761 3815 1948 3881 recipr.
1960 3814 1981 3880 ]
2017 3815 2132 3866 sibi
2159 3815 2261 3880 ipsi
2290 3829 2377 3865 re-

1264 3885 1554 3954 sponsionis
1587 3884 1750 3948 figura
1802 3881 1894 3934 Fr.
1932 3885 2016 3933 49.
2066 3882 2169 3932 sibi
2215 3899 2378 3963 omnes

1262 3956 1438 4007 melius
1468 3954 1624 4012 velle,
1662 3967 1815 4018 quam
1848 3950 2007 4000 alteri
2035 3948 2100 3999 ΙΙ.
2133 3952 2249 4000 218.
2281 3931 2403 3999 sahi>

1267 4040 1297 4075 e
1330 4023 1504 4087 glossa
1551 3986 1624 4069 ad,
1661 4019 1878 4068 adurere
1919 4017 2159 4082 capillum
2196 4016 2259 4067 11.
2295 4020 2378 4067 50.

1265 4090 1367 4143 sibi
1398 4092 1452 4139 et
1483 4088 1585 4153 ipsi
1620 4084 1756 4137 conf.
1790 4085 1854 4135 ΙΙ.
1887 4087 2002 4135 405.
2034 4085 2136 4134 sihi
2163 4090 2225 4135 et
2235 4085 2384 4163 quasi

1269 4155 1403 4211 conf.
1441 4154 1478 4205 l.
1514 4156 1628 4205 152.
1671 4171 1725 4204 σε
1756 4151 2085 4218 supprimitur
2117 4151 2184 4203 ad
2217 4151 2382 4204 intini-

1269 4226 1432 4276 tivum
1463 4222 1549 4274 Fr.
1588 4223 1711 4277 126
1750 4236 1855 4270 sese
1899 4219 2120 4283 diligens
2163 4219 2229 4270 ll.
2262 4220 2380 4270 233.

1275 4291 1356 4344 ΟΙ.
1393 4291 1557 4341 Pron.
1598 4289 1780 4352 recipr.

1343 4364 1404 4410 L.
1440 4359 1587 4408 Sulla
1617 4355 1898 4421 imperator
1921 4351 2294 4405 inMacedonia
2309 4354 2391 4400 at-
