2850 5225
659 371 782 434 RE
798 371 855 433 R
871 371 1015 435 ΠΜ
1076 372 1130 435 Ε
1149 371 1207 435 Τ

126 520 373 575 mab-'le
389 523 562 575 ‘telum
593 522 682 576 Fr.
715 526 797 575 38.
833 524 884 576 b.

128 590 338 641 Inicum
367 590 454 642 Fr.
489 594 573 642 68.
607 592 657 643 b.

129 656 950 724 Iuiicerestommemorationem)
960 657 1047 710 Fr.
1058 660 1139 711 47.
1154 674 1196 711 8.

56 741 148 793 np.
187 728 498 778 mentionem
531 726 619 779 Fr.
657 730 774 777 153.
807 728 860 778 b

130 793 440 845 Inimicitiae
489 794 561 846 rei
609 795 850 860 publicae
894 808 1057 846 causa
1102 792 1197 847 de-

60 861 344 927 ponendae
377 860 414 912 1.
451 864 565 912 198.

9 953 10 956 ¹
130 926 383 980 Inimicus
416 946 464 981 c.
496 945 610 994 gen.
645 928 706 980 11.
740 930 861 980 364.

132 993 379 1060 Iniquum
414 995 614 1048 eiurare
649 996 733 1048 Fr.
767 999 850 1047 51.

135 1062 300 1114 Initia
328 1062 498 1143 prima
532 1063 765 1115 Naturae
801 1064 836 1114 1.
870 1066 954 1116 33.
1021 1060 1193 1127 initio,

58 1130 119 1181 in
157 1130 265 1181 otio
303 1137 359 1182 et
389 1129 541 1197 inops
573 1128 710 1182 conf.
746 1130 806 1181 11.
840 1133 928 1211 80.-

131 1198 360 1276 Iniuriae
394 1213 496 1249 nou
530 1197 874 1251 devolvendae
908 1198 960 1249 in
987 1197 1113 1250 alios
1129 1198 1193 1249 11.

59 1269 185 1316 353.
237 1264 455 1315 iniurias
505 1282 661 1328 suas,
711 1282 757 1317 v.
809 1265 1026 1317 aliorum
1073 1282 1194 1345 per-

61 1331 821 1452 ῗίᾳῗ..ἔ;-.ἑζ.’ῗῗὲ”ῗειῗὶἱ.ιεέἷΐέ
839 1349 1061 1468 iffi?
1062 1350 1194 1452 ’'133''

63 1534 103 1586 ¹
134 1466 402 1587 ziustitia
431 1468 473 1520 1.
508 1471 624 1520 334.
641 1471 683 1520 s.
721 1469 832 1519 eius
865 1484 1059 1535 genera
1091 1468 1192 1521 duo

133 1602 337 1655 Iniuste
373 1608 427 1654 et
459 1619 566 1653 non
598 1602 730 1654 iuste
777 1601 914 1655 conf.
950 1602 1010 1651 11.
1040 1605 1158 1656 342.

131 1687 356 1738 Innixus
390 1686 702 1738 luna¹arcom
717 1684 942 1739 intendit
968 1687 1032 1735 11.
1050 1690 1194 1741 ‘las
1207 1679 1212 1686 ’

130 1770 313 1838 Inops,
346 1768 513 1835 initio,
552 1770 608 1821 in
644 1770 746 1821 otio
779 1770 914 1823 conf.
948 1770 1011 1822 ΙΙ.
1032 1775 1117 1821 80.

133 1851 423 1921 Inqniritur
455 1854 510 1905 in
543 1871 655 1906 eum
689 1854 749 1906 11.
781 1858 896 1906 87.

132 1939 408 2005 Inquirere
442 1945 497 1991 et
525 1938 799 2005 anquirere
833 1939 870 1990 1.
884 1942 1004 1990 229.
1031 1939 1095 1989 ΙΙ.
1114 1941 1195 1990 15.

138 2006 413 2086 Inquisitio
455 2007 566 2057 veri
609 2007 647 2057 1.
693 2011 776 2058 29.
847 2004 1110 2072 inquisitio
1144 2008 1197 2058 in

56 2077 190 2140 soro
227 2074 405 2125 boario
436 2074 577 2126 facta
610 2075 662 2126 iu
699 2089 841 2126 reum
876 2074 963 2127 Fr.
1005 2078 1118 2124 173.
1142 2076 1193 2126 b.

67 2141 455 2263 gaqussg'onem
505 2141 615 2194 dies
683 2139 903 2193 tricenos
968 2141 1198 2208 accipere

116 2228 143 2262 r

138 2276 320 2343 Inquit
367 2276 612 2329 reticetur
661 2275 726 2325 ΙΙ.
776 2278 896 2327 286.
964 2275 1194 2327 secunda
1250 2321 1257 2327 .

70 2361 298 2413 persona
328 2344 414 2395 Fr.
452 2347 564 2394 112.
584 2360 626 2395 s.
662 2342 920 2395 indefinite
954 2359 1049 2408 pro
1079 2344 1195 2408 plu-

68 2414 168 2464 rali
199 2412 285 2464 Fr.
321 2414 436 2462 113.
471 2427 517 2464 8.
584 2410 991 2477 impersonaliter
1026 2426 1076 2477 p.
1112 2409 1195 2461 Fr.

15 2485 155 2536 .62.
229 2482 452 2559 agloss.
487 2479 527 2529 1.
562 2482 681 2530 289.
737 2477 803 2529 ΙΙ.
837 2480 952 2528 253.
992 2479 1197 2529 81438.

71 2565 117 2599 v.
152 2547 353 2614 inquiet
401 2544 488 2597 ille
538 2545 752 2597 debetur
803 2543 1080 2611 glossatori
1128 2544 1193 2595 11.

69 2620 190 2670 275.
237 2616 432 2667 indicat
463 2608 535 2663 ἄν
536 2608 759 2692 αρράν
789 2612 874 2664 Fr.
908 2614 1027 2664 221.
1063 2628 1110 2663 8.

136 2682 436 2735 Insanienti
465 2697 504 2748 g
596 2680 696 2733 ium
732 2680 976 2744 reddere,
1006 2695 1193 2759 pecca-

69 2763 180 2804 tum
215 2751 286 2801 sit
318 2749 379 2801 ΙΙ.
412 2753 527 2803 363.

136 2819 363 2869 Insanus
397 2817 495 2869 dr.·
508 2815 742 2868 Phaeton
775 2814 835 2866 11.
869 2802 988 2866 359.

165 2900 370 2936 manus
417 2882 662 2935 insanisti
704 2882 761 2934 in
810 2881 985 2934 alieno
1038 2898 1088 2935 v.
1136 2879 1194 2932 in
1247 2918 1254 2924 -

70 2953 254 3007 alienis
288 2953 376 3003 Fr.
406 2955 524 3004 214.

135 3019 355 3072 Inscitia
402 3017 643 3085 temporis
694 3017 733 3069 1.
783 3022 903 3069 290.
987 3014 1193 3066 inscitia

139 3091 277 3141 etice
310 3103 405 3154 pro
437 3086 706 3138 inscientia
739 3085 779 3136 Ι.
811 3089 928 3135 290.
987 3081 1192 3133 inscitia

66 3155 301 3207 meantis
333 3155 516 3205 aetatis
550 3154 611 3204 11.
644 3158 758 3205 258
793 3155 909 3204 319.
968 3148 1191 3203 inscien-

69 3224 148 3276 tia
183 3230 239 3278 et
270 3221 478 3272 inscitia
511 3221 646 3285 conf.
681 3221 744 3275 ll
777 3224 893 3271 319.

136 3289 405 3355 Inscribo]
442 3290 645 3341 Citandi
677 3289 836 3340 ratio-
863 3285 1070 3349 Liber,
1108 3284 1194 3351 qui

69 3356 400 3421 mser-ibitur,
451 3363 538 3419 et,
593 3357 628 3407 l.
678 3354 764 3420 qui
805 3324 1080 3421 inscripta}
1113 3358 1191 3404 est

137 3493 532 3559 Inscriptionum
568 3492 754 3556 antiqq
792 3488 1061 3542 thesaurus
1096 3503 1193 3540 no-

72 3576 167 3613 vus
203 3565 436 3637 speratur
472 3559 554 3610 Fr.
596 3562 707 3609 179.
726 3558 774 3608 b.

137 3625 401 3692 Inspicere
436 3625 638 3677 tabulas
672 3625 757 3675 Fr.
791 3626 875 3675 77.
911 3625 961 3675 b.

138 3693 359 3755 Institit,
394 3709 461 3744 ne
496 3692 649 3743 coiret
684 3691 741 3741 ll.
776 3695 893 3742 367.

135 3760 425 3824 Instituta]
468 3759 554 3810 Ad
584 3758 820 3810 instituta
865 3762 953 3823 (v.
985 3753 1195 3807 institu-

77 3837 183 3881 tam
218 3826 639 3905 disputationem)
672 3839 952 3903 pergamus
985 3839 1027 3873 8.
1046 3824 1197 3874 rede-

77 3913 219 3948 amus
255 3895 319 3945 11.
354 3898 440 3945 20.
509 3892 746 3945 instituta
780 3891 857 3942 rei
884 3890 1114 3970 publicae
1148 3896 1200 3942 et

79 3967 142 4015 in
178 3962 458 4015 constituta
489 3978 548 4012 re
577 3960 780 4030 publica
813 3959 874 4008 11.
908 3963 991 4009 80.
1051 3956 1202 4008 insti-

79 4038 192 4083 tuta
231 4027 597 4096 philosophiae
640 4035 695 4080 et
739 4027 1202 4092 Peripateticorum

105 4104 458 4229 institutus]
511 4158 596 4214 Ad
647 4161 885 4226 cuiusque
918 4158 1082 4211 vitam
1114 4157 1201 4209 in-

12 4264 18 4277 .
82 4232 316 4285 stitutum
347 4230 828 4282 accommodandum
863 4232 941 4280 est
977 4226 1038 4276 11.
1070 4230 1154 4304 61.

145 4299 448 4351 Instinctam
480 4295 741 4366 scriptoris
789 4292 965 4363 differt
999 4292 1063 4347 ab
1097 4292 1203 4346 eius
1234 4280 1241 4331 4

13 4380 16 4423 l
82 4367 269 4421 iudicio
301 4367 365 4419 11.
401 4370 480 4420 10.

1264 339 1810 437 murmane.
2284 327 2450 468 ’,48

1290 515 1294 528 '
1348 524 1995 594 Instructusadoctcribus
2025 532 2180 598 atque
2206 525 2421 598 ἆσαι-ὑ,
2494 511 2501 517 “

1279 599 1353 643 'na
1385 592 1425 644 Ι.
1462 596 1578 644 307.

1346 660 1528 711 Insula
1559 675 1653 728 pro
1688 660 1838 713 domo
1870 662 1932 714 11.
1963 665 2081 717 301.

1251 752 1258 758 ·
1345 728 1620 792 Integrum
1655 734 1750 788 est,
1784 735 1843 780 ut
1876 729 1941 782 ΙΙ.
1979 734 2097 784 154.

1343 794 1656 861 Intellegere
1689 795 1772 847 Fr.
1806 799 1888 847 33.
1915 797 1966 849 b.

1347 861 1706 928 Intelligentia
1750 865 1963 930 eiusque
2008 866 2162 920 virtus
2207 866 2244 919 Ι.
2278 868 2398 920 334.

1277 929 1627 997 intelligentia
1657 930 2031 998 prudentiaque
2072 932 2111 984 Ι.
2143 938 2259 985 313.
2320 934 2402 985 vi·

1275 1014 1397 1049 vere
1435 1013 1547 1048 cum
1593 999 2061 1064 intelligentia
2104 1018 2279 1052 earum
2311 1017 2400 1052 re·-

1276 1081 1409 1129 rum,
1451 1081 1579 1130 quae
1612 1070 1806 1117 natura
1840 1066 2075 1119 eveniunt
2110 1069 2147 1118 Ι.
2166 1072 2281 1119 327.
2314 1067 2401 1120 in-

1275 1131 1624 1199 telligentiam
1674 1148 1820 1183 suam
1865 1133 2119 1199 explicare
2162 1152 2209 1187 v.
2246 1141 2400 1186 excu-

1278 1206 1386 1251 tere
1424 1200 1487 1252 11.
1525 1203 1640 1250 325.
1675 1203 1790 1251 337.
1852 1215 2023 1254 rerum
2065 1201 2402 1276 plurimarum

1276 1267 1609 1319 inchoataev.
1628 1266 1776 1332 quasi
1806 1267 2196 1322 adumbrataes.
2226 1269 2400 1321 obscu-

1276 1351 1367 1386 rae
1417 1333 1813 1399 intelligentiae,
1866 1351 1992 1401 quas
2026 1336 2226 1392 Natura
2277 1354 2402 1389 eno-

1277 1400 1420 1454 davit
1455 1402 1513 1453 11.
1540 1405 1658 1452 325.

1347 1468 1787 1550 Intemperantia
1785 1469 1820 1521 Ι.
1839 1472 1956 1522 334.
1975 1487 2016 1524 s.
2049 1470 2396 1551 intemperan-

1276 1534 1351 1587 tia
1384 1542 1590 1602 praeter
1624 1532 1883 1589 libidinem
1916 1540 2145 1591 continet
2188 1538 2399 1590 iracun-

1277 1603 1448 1667 diam,
1501 1601 1768 1654 saevitiam
1802 1612 1854 1657 et
1899 1621 2097 1658 omnem
2131 1605 2400 1659 diritatem

1275 1678 1431 1737 atque
1463 1670 1832 1723 immanitatem
1866 1673 1904 1723 1.
1941 1676 2061 1725 312.

1342 1755 1487 1806 Inter
1519 1754 1658 1820 ipsos
1692 1771 1783 1836 pro
1811 1756 1949 1808 inter
1965 1771 2081 1808 cum
2099 1757 2217 1809 eod.
2234 1759 2401 1810 subst-

1276 1822 1411 1889 quod
1448 1824 1730 1889 praecessit
1764 1824 1803 1874 Ι.
1836 1826 1920 1875 45.
1957 1822 2022 1873 ΙΙ.
2057 1828 2173 1877 308.

1342 1906 1491 1957 Inter
1524 1912 1577 1957 et
1609 1905 1773 1970 inj'ert
1804 1906 1941 1959 conf.
1976 1906 2018 1957 Ι.
2050 1910 2170 1959 193

1341 1974 1645 2024 Interamna
1676 1974 1761 2024 Fr.
1793 1977 1877 2024 87.

1343 2039 1623 2093 Intercedit
1654 2041 1878 2092 Praetor
1908 2023 1998 2092 Fr.
2033 2042 2083 2091 3.

1343 2107 1693 2161 Intercludere
1690 2107 2005 2174 perfugium
2022 2107 2106 2159 Fr.
2121 2111 2240 2161 291.
2268 2107 2401 2159 iram

1277 2177 1347 2228 ib.
1383 2179 1501 2226 202.
1539 2192 1585 2226 8.

1344 2242 1659 2302 Interdicere
1691 2242 1777 2293 Fr.
1813 2245 1866 2293 3.

1342 2308 1630 2360 Inte-relicta
1646 2310 1727 2360 Fr.
1745 2313 1793 2360 3.
1829 2309 2144 2361 restitutoria
2178 2308 2262 2360 Fr.
2284 2313 2335 2360 2.
2357 2325 2401 2361 8.

1275 2376 1601 2428 interdictum
1638 2376 1702 2427 de
1736 2376 1790 2426 vi
1822 2375 2192 2442 (quotidiana)
2228 2377 2300 2431 ib.
2337 2376 2402 2426 de

1274 2443 1328 2494 vi
1370 2442 1589 2506 armatis
1633 2443 1881 2493 coactisve
1930 2442 2214 2524 hominibus
2246 2444 2315 2495 ib.
2349 2446 2417 2500 2.,

1342 2575 1628 2629 Interdicta
1658 2575 1876 2629 noxalia
1907 2576 1969 2631 F.
2005 2579 2123 2629 265.
2170 2576 2234 2629 de
2265 2574 2321 2627 vi
2353 2581 2404 2631 et

1276 2646 1341 2698 de
1373 2642 1428 2697 vi
1458 2653 1663 2696 armata
1695 2647 1763 2697 ib.
1800 2645 1934 2711 quod
1960 2645 2013 2696 vi
2039 2645 2282 2696 antelam
2314 2646 2401 2696 Fr.

1275 2718 1355 2766 65.
1390 2731 1434 2765 8.
1484 2714 1553 2764 ib.
1589 2717 1704 2763 265.
1774 2729 1867 2779 per
1915 2712 2242 2765 interdictum
2292 2712 2404 2764 iure

1277 2780 1546 2833 ordinario
1579 2779 1821 2848 litigatur
1850 2781 1913 2832 F.
1947 2785 2065 2832 268.

1342 2866 1624 2918 Interdicta
1641 2865 1706 2915 de
1734 2865 1885 2916 viFr.
1903 2869 2019 2915 233.
2040 2879 2109 2916 as.
2146 2864 2236 2916 int.
2265 2863 2404 2915 unde

1273 2932 1329 2983 oi
1375 2933 1464 2983 Fr.
1500 2936 1615 2982 233.
1648 2935 1769 2981 237.
1791 2945 1858 2982 ss.
1906 2931 1972 2997 de
2019 2930 2074 2980 vi
2120 2930 2404 2983 hominibus

1275 2998 1492 3050 armatis
1526 2998 1590 3048 F.
1624 3000 1744 3049 234.
1764 3012 1833 3049 ss.
1870 3000 1990 3048 238.
2006 3013 2080 3047 ss.
2117 2999 2405 3050 calumniae

1273 3066 1517 3118 iudicium
1560 3065 1805 3115 adversus
1854 3065 2127 3115 interdicta
2161 3063 2252 3115 Fr.
2287 3069 2404 3116 273.

1274 3134 1502 3193 osticium
1529 3131 1712 3185 iudicis
1748 3146 1865 3182 cum
1901 3145 1993 3196 per
2037 3130 2309 3181 interdicta
2342 3131 2405 3181 li-

1272 3203 1467 3271 tigatur
1504 3200 1590 3250 Fr.
1618 3201 1739 3251 264.
1773 3202 1890 3249 267.
1924 3201 2044 3248 269.
2083 3198 2312 3248 actiones
2338 3213 2403 3257 ex

1273 3266 1333 3319 iis
1360 3268 1445 3318 Fr.
1472 3271 1589 3318 265.
1657 3282 1750 3333 per
1784 3265 2051 3317 formulam
2084 3266 2404 3317 arbitranam

1274 3337 1357 3387 Fr.
1393 3339 1495 3385 265
1532 3351 1599 3385 ss.
1615 3338 1782 3384 —68.
1817 3347 1912 3399 per
1950 3333 2276 3398 sponsionem
2318 3330 2403 3383 Fr.

1271 3408 1385 3454 209.
1419 3407 1538 3453 265.
1573 3406 1690 3452 272.
1707 3417 1776 3452 ss.

1342 3486 1402 3545 In
1410 3485 1613 3537 terdicta·
1644 3485 1973 3549 veriloquium
1992 3468 2198 3549 etymol.
2215 3482 2299 3533 Fr.
2316 3484 2401 3533 23.

1284 3554 1503 3607 formula
1537 3553 1690 3607 iudici
1725 3553 2044 3620 praescripta
2079 3550 2168 3601 Fr.
2202 3551 2320 3601 232.

1346 3637 1629 3690 Interdicto
1674 3637 1739 3688 de
1783 3634 1837 3686 vi
1884 3634 2081 3687 coactis
2123 3632 2405 3685 homiuibus

1280 3712 1486 3757 tenetur
1519 3706 1666 3756 dolus
1710 3706 1873 3755 malus
1921 3701 2266 3768 procuratoris
2315 3703 2405 3750 aut

1278 3772 1502 3824 familiae
1528 3773 1614 3823 Fr.
1645 3775 1730 3822 41.

1318 3855 1630 3974 ¹¹{lntgrdicto
1665 3854 1840 3905 datum
1871 3846 2112 3904 iudicium
2154 3850 2243 3902 Fr.
2276 3852 2398 3904 235.

1286 3941 1316 3975 ⁸
1350 4005 1681 4056 Interdictum
1696 4020 1853 4057 seusu
1873 3980 2064 4070 duplici
2086 4002 2167 4053 Fr.
2186 4005 2300 4053 235.
2319 4002 2374 4054 Ι).

1351 4090 1684 4142 Interdictum
1717 4088 1856 4143 unde
1887 4087 1942 4138 vi
1974 4087 2284 4151 sequebatur
2314 4085 2407 4139 de-

1287 4159 1577 4210 ductionem
1628 4158 1853 4210 moribus
1902 4154 2096 4206 factam
2150 4153 2236 4206 Fr.
2283 4156 2403 4205 251.

1285 4229 1402 4277 252.
1422 4240 1493 4274 88.
1527 4227 1645 4275 261.
1663 4242 1704 4287 8.

1286 4292 1618 4412 15guterdum
1664 4298 1719 4347 et
1761 4307 1869 4342 non
1909 4306 2177 4356 nunquam
2218 4286 2325 4341 diff.
2359 4285 2399 4336 1.

2003 4429 2040 4479 4
2150 4422 2161 4431 .
