2850 5225
638 339 997 410 RERUM
1056 340 1187 403 ΕΤ

47 491 174 542 242.
223 504 340 543 cnm
384 493 735 558 comparativo
756 509 828 546 -e.
863 509 919 559 q.
952 491 1176 552 dissidio

37 558 162 624 fere
186 555 361 625 pluris
392 558 466 612 ib.
884 599 889 608 .
1084 597 1091 610 .

118 624 394 677 ‘Dimittere
427 626 497 678 ad
530 626 719 682 amicos
750 626 812 679 F.
837 631 959 681 263.
1017 627 1089 681 ad
1122 643 1171 681 v.

52 692 244 744 circum
278 692 466 746 amicos
499 694 584 745 Fr.
617 699 703 752 38.
741 712 792 749 a.

116 760 433 812 Dinomache·
460 762 583 816 finis‘
604 761 668 813 H.
701 765 819 817 412.

115 827 221 879 Dio
258 844 290 878 a
321 829 540 881 Platone
573 830 799 882 eruditus
828 829 877 886 1.
905 834 1026 885 307.
1082 871 1087 878 -

114 897 382 962 Diogenes
417 897 579 948 Clodii
614 899 790 949 vilicus
823 899 911 954 Fr.
949 902 1062 952 115.

114 963 386 1029 Diogenes
419 970 473 1015 et
503 964 780 1031 Antipater
811 967 875 1017 ΙΙ.
911 970 1028 1018 353.

70 1083 80 1093 ‚
114 1023 342 1097 Diogeni
374 1031 658 1096 Babylonio
688 1033 810 1099 quid
843 1034 1076 1092 videatur
1109 1032 1174 1086 de

49 1098 217 1149 causis
269 1115 381 1148 cnm
428 1114 725 1165 repugnare
766 1100 964 1152 utt‘iitas
1009 1100 1173 1153 hone-

49 1166 175 1218 stati
207 1165 447 1217 videawr
492 1167 560 1219 11.
603 1171 721 1221 271.
782 1170 848 1220 de
891 1168 1170 1224 honestatis

48 1234 383 1298 utilitatisque
418 1235 594 1302 regula
625 1235 693 1286 11.
729 1239 847 1286 200.
868 1252 949 1301 sq.

115 1300 374 1367 Diogenis
405 1301 518 1352 finis
555 1303 801 1354 bonorum
833 1303 873 1354 1.
895 1306 1010 1358 318.
1062 1303 1171 1358 eius

47 1370 307 1421 sententia
357 1368 422 1420 de
483 1370 759 1422 reticentiis
807 1371 860 1421 in
915 1371 1167 1424 venditio-

47 1438 194 1487 nibus
259 1435 576 1501 improbatur
636 1438 876 1489 Ciceroni
938 1438 1005 1490 11.
1049 1441 1168 1492 279.

49 1504 214 1555 Stoici
249 1503 362 1553 finis
395 1505 481 1554 bb.
514 1503 580 1555 Π.
614 1509 735 1555 203.
832 1535 835 1538 »
974 1527 977 1534 ’

114 1570 257 1621 Dion
292 1568 400 1621 sius
433 1571 507 1622 Sa
542 1570 677 1622 erior
711 1588 827 1625 cum
861 1571 929 1624 D.
963 1570 1169 1625 Minore

49 1638 186 1689 conf.
223 1637 248 1688 Ι
323 1641 439 1690 259.
549 1638 561 1650 ’
628 1639 726 1705 ysii
756 1641 1033 1707 superioris
1069 1641 1169 1694 vita

49 1707 276 1756 sollicita
309 1704 380 1756 11.
413 1709 498 1756 50.

50 1843 77 1890 1
114 1771 432 1839 Diphthongi
474 1773 658 1826 inscite
700 1774 1039 1828 obtruduntur
1078 1775 1173 1828 Fu

81 1844 162 1890 56.
198 1856 253 1890 a>

114 1906 416 1974 Dirigenda
445 1906 642 1960 utilitas
673 1907 941 1963 honestate
973 1910 1038 1962 Π.
1052 1912 1170 1963 431.

112 2041 391 2094 Discedere
423 2048 544 2095 rata
576 2060 632 2095 re
663 2044 753 2095 Fr.
786 2048 871 2096 36.
904 2045 958 2097 b.

113 2108 412 2164 Disceditur
443 2110 526 2161 Fr.
558 2115 640 2163 35.
674 2127 721 2162 a.

112 2173 366 2238 Discendi
392 2192 560 2245 genus
592 2180 656 2230 11.
687 2182 766 2230 16.
878 2222 889 2232 .

115 2244 418 2311 Disceptare
430 2284 447 2311 ,
497 2245 813 2312 disceptatio,
857 2244 1170 2313 disceptator

47 2311 146 2378 (ad
178 2314 551 2365 controversias
587 2312 859 2379 finiendas)
892 2313 934 2364 1.
969 2318 1052 2364 79.
1067 2330 1111 2364 s.

45 2446 86 2499 L
114 2377 502 2445 Disceptatione
572 2378 711 2432 vinci
737 2396 838 2474 v‚se
893 2379 1169 2454 patiuntur

115 2511 366 2565 Discessit
396 2520 538 2566 terra
566 2514 632 2566 11.
665 2518 781 2568 245.
826 2513 1084 2567 discedere
1116 2521 1171 2568 et

49 2581 357 2635 descendere
393 2583 540 2641 confi,
561 2583 630 2636 ib.

114 2651 427 2716 Discipliuae
459 2667 591 2716 quae
626 2651 920 2704 aRomanis
954 2649 1165 2703 cultae?

49 2733 180 2784 quae
212 2718 483 2783 neglectae
515 2719 580 2771 11.
612 2723 662 2771 2.
722 2719 1018 2784 disciplinae
1069 2720 1168 2769 mi-

50 2786 213 2835 litaris
280 2786 551 2837 severitas.
584 2803 667 2853 ap.
724 2787 877 2839 Rom.
930 2785 998 2837 -11,
1048 2788 1166 2837 400.

49 2850 315 2918 disciplina
346 2869 466 2903 usus
499 2854 562 2905 11.
595 2857 710 2905 205.

115 2916 488 2985 Discipulorvm
518 2921 646 2973 vitia
690 2920 946 2987 quomodo
992 2935 1165 2973 emen-

51 2987 175 3039 dent
210 2988 441 3052 magistri
475 2989 517 3041 Ι.
549 2986 668 3040 291.

118 3055 507 3120 Discrepantiae
556 3057 607 3108 iu
642 3055 919 3107 historiolis
963 3069 1029 3106 an
1073 3060 1168 3104 νο·-

50 3124 206 3180 setae,-
236 3121 420 3174 indicia
436 3125 465 3175 ⁴3
499 3123 543 3176 1.
580 3127 694 3175 348.
710 3138 778 3174 ss.

118 3189 422 3256 Discrimen]
454 3191 533 3243 De
566 3190 674 3243 vita
702 3189 760 3240 in
779 3186 1053 3259 discrimen
1074 3204 1167 3247 vo-

55 3256 164 3307 cari
193 3258 235 3309 1.
274 3261 388 3309 190.
406 3274 449 3311 s.
626 3288 631 3293 ·

122 3325 405 3377 Disiunctio
439 3331 558 3393 post
592 3326 890 3390 negationes
922 3322 962 3374 Ι.
995 3325 1113 3375 273.

118 3391 413 3458 Dispartire
445 3409 508 3445 an
545 3391 854 3459 dispertire?
888 3391 957 3443 11.
990 3394 1073 3441 78.

118 3459 405 3526 Dispertire
439 3477 503 3511 an
538 3458 857 3526 dispartire?
892 3457 959 3509 11.
994 3461 1076 3508 78.

16 3558 19 3563 »
124 3527 400 3593 Disputare
434 3544 542 3581 cum
585 3527 794 3579 testibus
835 3526 920 3577 Fr.
969 3528 1082 3577 168.
1119 3540 1168 3576 a.

58 3594 318 3661 disputare
347 3595 623 3661 permulta,
658 3610 766 3660 seq.
800 3608 973 3646 accus.
1009 3609 1057 3644 c.
1090 3593 1171 3643 in-

57 3664 242 3714 finitivo
275 3663 361 3713 Fr.
397 3666 509 3714 148.
544 3679 590 3713 a.

56 3797 104 3848 n
124 3729 393 3796 Disputari
425 3735 478 3782 et
510 3727 733 3782 dubitari
763 3725 990 3795 (potest)
1035 3725 1171 3779 conf.

121 3862 489 3931 Disputationis
534 3880 566 3916 a
613 3864 832 3915 formula
892 3861 959 3914 ad
1006 3863 1171 3928 ipsam

60 3947 164 3987 rem
198 3935 444 3984 transitus
476 3931 563 3984 Fr.
598 3934 716 3982 217.

120 3998 428 4066 Dispnttator
457 3998 651 4050 subtilis
683 3997 722 4049 1.
756 3999 806 4047 9.
987 4059 1002 4074 ⁸

124 4066 389 4119 Disserere
420 4065 684 4119 nervosius
717 4069 771 4117 et
802 4060 1059 4114 remissius
1103 4060 1170 4113 de

64 4135 200 4185 malis
235 4135 302 4187 11.
339 4137 452 4185 384.
494 4178 504 4193 ,

125 4200 579 4254 Dissimilitudines
619 4205 840 4251 naturae
880 4211 1074 4248 morum

63 4267 124 4389 h
138 4273 257 4321 236.
300 4272 421 4323 237.
475 4283 578 4322 non
620 4267 835 4321 vitiosae
876 4265 1074 4318 retinen
1143 4278 1175 4316 e

1244 285 1795 406 mc'moNIs.
2179 367 2184 373 ·
2294 338 2379 403 88

1321 490 1675 546 Dissisnillima
1703 494 1771 547 11.
1802 497 1928 551 414.
2047 525 2052 536 ,

1319 559 1675 612 Dissinmlatio
1715 579 1809 629 per
1852 571 1905 616 et
1948 578 1982 617 a
2013 565 2171 633 gloss.
2205 567 2375 637 iungi-

1253 632 1337 679 tur
1370 642 1489 679 cum
1511 627 1778 686 ,simulatio
1809 630 1875 683 11.
1909 635 2028 686 294.

1321 693 1630 760 Dissolutus‚
1665 697 1705 749 1.
1739 701 1857 750 218.

1321 760 1614 815 Dissolvere
1641 764 1920 829 periurium
1951 767 2019 818 ΙΙ.
2053 771 2171 821 402.

1320 829 1566 881 Dissuere
1597 832 1848 884 amicitias
1882 834 1925 885 I.
1952 837 2069 885 256.

1321 898 1593 950 Distinctio
1613 904 1695 951 est
1716 900 2002 966 apodoseos
2023 903 2181 954 instar
2198 903 2241 957 Ι.
2257 908 2375 960 117.

1320 962 1655 1032 Distringere
1704 976 1757 1018 et
1813 967 2114 1034 astringere
2162 988 2207 1025 v.
2268 974 2374 1025 ad-
2473 971 2478 976 ’

1254 1030 1517 1097 stringere
1561 1032 1701 1086 conf.
1747 1033 1818 1085 11.
1867 1038 1984 1087 402.
2052 1037 2371 1108 distringere

1252 1106 1552 1164 corruptum
1582 1116 1647 1151 ex
1680 1101 2010 1169 destringere
2040 1104 2108 1156 ΙΙ.
2141 1110 2225 1158 51.

1319 1165 1573 1219 Divellere
1605 1174 1658 1219 et
1692 1168 1999 1233 distrahere,
2047 1188 2133 1239 up.
2167 1175 2369 1243 cogita-
2465 1147 2468 1154 Ι

1249 1232 1389 1287 tione
1421 1234 1488 1285 Π.
1520 1237 1638 1286 204.

1317 1302 1620 1367 Dividendo]
1655 1302 1820 1354 saltus
1850 1303 1908 1354 in
1942 1304 1994 1355 d.
2028 1304 2067 1357 I.
2099 1310 2187 1359 23.

1317 1367 1509 1419 Divina
1550 1368 1712 1419 animi
1750 1377 1941 1436 natura
1984 1372 2070 1424 Fr.
2116 1378 2232 1427 221.
2249 1392 2291 1428 s.
2323 1377 2370 1430 1.

1248 1438 1364 1487 324.
1400 1434 1687 1488 divinorum
1720 1436 2153 1506 humanorumque
2183 1445 2369 1496 notitia

1222 1531 1227 1538 ·
1248 1502 1290 1555 1.
1303 1506 1421 1554 327.
1455 1519 1628 1555 rernm
1649 1504 1940 1556 divinamm
1959 1506 2172 1561 scientia
2192 1510 2235 1563 L
2249 1515 2368 1568 303.

1316 1572 1572 1622 Divinatio
1606 1573 1789 1624 critica
1806 1572 1867 1624 F.
1883 1577 2003 1625 230.
2022 1591 2065 1626 s.

1315 1636 1516 1688 Divinis
1550 1637 1694 1689 bonis
1708 1639 1952 1696 Socrates
1985 1642 2244 1696 licentiam
2275 1660 2365 1698 as-

1248 1711 1449 1756 secutus
1482 1705 1669 1757 dicitur
1701 1706 1739 1757 1.
1773 1711 1892 1759 294.
1945 1719 1951 1730 ’

1312 1772 1559 1830 Divinitas
1591 1774 1777 1826 mentis
1808 1773 1874 1825 ΙΙ.
1905 1777 2026 1827 257.

1314 1837 1555 1905 Divitior,
1589 1839 1914 1892 divitissimus
1946 1839 2014 1894 ΙΙ.
2047 1847 2165 1898 113.

1315 1904 1684 1958 Diuturnitatis
1719 1914 1886 1959 custos
1919 1910 1996 1961 vel
2031 1926 2149 1977 spes
2180 1912 2247 1965 ΙΙ.
2279 1916 2366 1966 48.

1315 1972 1511 2025 Docere
1571 1990 1626 2025 se
1643 2013 1658 2038 ‚
1725 1977 2028 2042 profitentur
2075 1980 2370 2045 Dogmatici

1248 2040 1316 2092 11.
1355 2045 1435 2092 19.
1489 2041 1668 2094 docere
1715 2044 1943 2107 iungitur
1989 2061 2036 2097 c.
2069 2061 2115 2097 v.
2159 2046 2365 2113 praeci-

1243 2107 1469 2230 plerg41.
1518 2113 1605 2160 31.
1671 2110 1851 2162 docere
1905 2114 1959 2162 et
2012 2111 2181 2166 dicere
2228 2114 2368 2169 cons.

1313 2242 1507 2295 Doctus
1539 2246 1655 2310 plus
1689 2249 1772 2296 est
1801 2259 1956 2310 quam
2005 2246 2263 2300 studiosus
2294 2248 2363 2301 11.

1247 2314 1330 2362 67.
1381 2310 1521 2362 docti
1547 2311 1748 2362 indocti
1775 2311 1863 2362 Fr.
1898 2315 2014 2364 195.
2051 2329 2098 2365 a.

1247 2443 1272 2494 Ι
1313 2376 1470 2428 Docti
1530 2379 1619 2442 qui
1683 2377 2050 2445 philosophiam
2099 2379 2370 2435 didicerint

1313 2509 1593 2562 Doctrinae
1651 2526 1819 2562 rernm
1869 2510 2199 2572 honestarum
2242 2529 2368 2583 pro·-

1245 2578 1406 2634 fessio
1441 2593 1512 2631 an
1544 2569 1803 2632 honesta?
1837 2579 1879 2633 1.
1912 2584 2031 2635 299.

1314 2665 1443 2716 Cnn.
1475 2663 1775 2716 Dolabellae
1808 2664 1913 2716 duo
1945 2665 2029 2716 Fr.
2061 2669 2179 2720 210.
2196 2681 2239 2720 s.

1313 2746 1611 2800 Dolabellae
1645 2747 1767 2811 duo,
1802 2751 1935 2801 alter
1966 2766 1998 2802 a
2032 2752 2092 2802 C.
2111 2730 2364 2817 Caesare,

1245 2817 1374 2868 alter
1407 2831 1438 2866 a
1473 2815 1544 2866 M.
1581 2816 1779 2869 Scauro
1815 2824 2092 2870 accusatus
2122 2820 2182 2870 F.
2214 2823 2334 2872 292.

1314 2899 1475 2951 Doleo
1520 2898 1576 2949 id
1611 2899 1793 2963 facere
1843 2901 1921 2952 vel
1969 2916 2050 2950 me
2089 2900 2149 2951 id
2180 2903 2368 2967 jacere
2431 2956 2450 2977 ⁴

1248 2967 1384 3018 dolet
1418 2983 1484 3017 an
1518 2967 1700 3017 Latine
1735 2966 1937 3017 dicatur
1967 2966 2053 3018 Fr.
2088 2972 2203 3019 185.
2232 2971 2282 3021 b.

1314 3050 1492 3102 Dolor·
1527 3056 1594 3103 eta
1619 3049 1792 3101 dolere
1836 3054 1919 3101 est
1966 3051 2120 3117 animi
2161 3056 2368 3117 pertur-

1248 3120 1354 3171 bati
1400 3118 1443 3169 1.
1481 3119 1595 3173 160.
1656 3116 1807 3169 dolor
1855 3131 1976 3169 cum
2015 3133 2131 3182 gen.
2176 3117 2251 3169 rei
2295 3119 2364 3171 ΙΙ.

1248 3190 1416 3252 35.’ρ.
1454 3185 1684 3236 cruciatu
1720 3184 1951 3249 corporis
1990 3183 2055 3235 11.
2101 3186 2221 3235 225.
2271 3182 2367 3235 do-

1249 3254 1407 3307 lorem
1429 3251 1656 3311 ,laudare
1690 3250 1802 3302 ddr.
1837 3249 1999 3302 Stoici
2032 3251 2101 3303 11.
2121 3253 2236 3301 383.
2271 3250 2368 3302 do-

1250 3321 1412 3371 lorum
1435 3318 1585 3384 faces
1616 3318 1683 3373 11.
1715 3322 1800 3370 73.
1853 3317 2031 3370 dolore
2075 3332 2369 3385 expressim

1214 3466 1223 3475 ’
1317 3469 1481 3521 Dolus
1513 3440 1679 3520 malus
1710 3468 1762 3520 in
1793 3468 2068 3520 interdicto
2101 3469 2168 3520 de
2199 3470 2248 3520 vi
2280 3483 2367 3520 ar·

1250 3540 1403 3599 matis
1450 3538 1706 3589 exactisve
1740 3536 2027 3587 hominibus
2070 3536 2162 3587 Fr:
2197 3537 2278 3585 41.
2314 3535 2366 3587 b.

1253 3608 1359 3658 eius
1402 3604 1646 3664 definitio,
1683 3605 1751 3655 ib.
1783 3607 1868 3654 47.
1902 3619 1947 3654 a.
1984 3605 2092 3655 eius
2127 3602 2367 3668 exceptio

1251 3673 1291 3725 1.
1340 3675 1424 3722 74.
1475 3669 1724 3729 Judicinm
1774 3670 1839 3721 de
1870 3669 1921 3721 d.
1954 3671 2091 3721 malo
2139 3669 2205 3720 11.
2244 3670 2374 3720 287.’

1252 3757 1294 3792 s.
1343 3739 1628 3790 vindicatus
1678 3738 1878 3802 legibus
1921 3738 1992 3787 ib.
2037 3740 2152 3787 289.
2215 3734 2365 3786 dolus

1252 3807 1617 3872 obligationum
1666 3803 2084 3870 impedimentum
2137 3800 2201 3853 11.
2246 3804 2364 3875 292.

1252 3875 1371 3926 dolo
1425 3872 1563 3927 malo
1612 3871 1753 3923 facta
1796 3876 1951 3936 pacta
2010 3875 2064 3923 et
2115 3868 2366 3935 promissa

1249 3942 1637 4076 ILD3o⁵gesficoe
1659 4019 1997 4086 fortitudines
2026 4019 2072 4072 1.
2106 4021 2220 4071 183.
2268 4018 2367 4072 dod·

1250 4090 1514 4143 mesticiam
1545 4086 1889 4141 testimoninm
1918 4088 2003 4138 Fr.
2039 4089 2153 4139 181.
2180 4101 2231 4138 a.

1321 4171 1592 4234 Dominari
1620 4173 1818 4238 passive
1849 4172 1889 4223 1.
1920 4173 2041 4222 282.

1321 4255 1616 4310 Dominius
1658 4254 1895 4307 naturale
1935 4255 2015 4306 vel
2061 4251 2365 4307 bootem-tm

1254 4327 1314 4379 F.
1361 4326 1479 4379 246.
1494 4340 1537 4383 s.
1600 4322 1807 4379 dominii
1849 4321 2148 4406 acquirendi
2185 4321 2364 4376 meus

1651 4432 1656 4439 ·
1928 4407 1965 4458 3

2581 1113 2606 1142 0
