2850 5225
455 377 548 441 52

463 529 715 583 formuiae
756 526 845 581 Fr·
874 527 957 577 50.
988 525 1037 577 b.
1076 537 1151 588 sq.
1218 533 1585 599 nomen-sunm

462 598 666 648 mittere
697 594 754 645 in
785 592 1019 645 iudicium
1049 590 1135 642 Fr.
1170 590 1290 640 294.
1309 603 1353 640 s.
1402 604 1461 638 tn
1502 603 1585 637 tu-

465 664 650 715 dicium
682 678 865 713 vocare
897 660 961 712 11.
994 663 1077 712 96.
1130 654 1307 708 venire
1345 653 1407 705 in
1448 653 1588 705 iudi-

465 732 596 783 cium
625 732 715 782 Fr.
750 733 833 786 21.
869 744 915 778 a.

495 796 777 852 „Iudicium
825 793 1086 860 scriptoris
1138 790 1312 849 differt
1360 788 1429 841 ab
1475 790 1585 840 eius

466 866 696 917 instituto
729 864 793 914 11.
828 866 908 913 10.
926 887 992 899 -
1010 860 1076 911 de
1108 856 1330 909 moribus
1357 855 1587 907 vanalae

466 930 791 984 tractationis
836 928 900 980 11.
918 932 1051 990 292.
1106 923 1334 991 fiduciae
1368 924 1434 974 11.
1467 926 1585 973 293.

463 997 649 1049 indicio
701 1003 754 1049 et
794 995 906 1064 sine
948 993 1134 1045 indicio
1180 997 1504 1058 opponuntur
1548 989 1587 1039 1.

469 1067 590 1117 119.ι
618 1064 822 1125 iudicio,
853 1061 1176 1114 considerate
1193 1065 1588 1123 constanterque

511 1195 732 1265 'Ingata
765 1196 903 1248 inter
936 1212 991 1247 se
1024 1195 1184 1264 1.,36.

466 1333 513 1383 Π
532 1264 746 1331 Iugum]
796 1263 1045 1316 exercitus
1091 1262 1183 1313 snb
1225 1260 1406 1336 iugurn
1450 1257 1593 1310 missi

534 1398 666 1450 Iulia
702 1396 936 1449 Porticus
970 1397 1031 1447 11.
1067 1398 1180 1447 172.
1201 1398 1394 1447 8.·175.
1413 1411 1455 1445 s.

536 1468 593 1518 C.
629 1468 722 1534 Iul.
760 1465 954 1518 Caesar
1001 1463 1228 1522 Praetor,
1256 1470 1310 1515 et
1341 1459 1591 1513 Pontifex

468 1535 541 1588 M.
576 1533 659 1584 Fr.
694 1537 776 1584 73.
811 1549 855 1583 a.

538 1601 595 1652 C.
629 1602 741 1653 Iulii
778 1600 1046 1663 Caesaris,
1083 1597 1323 1665 Vopisci,
1370 1595 1591 1647 Strabo-

424 1695 435 1713 κ
468 1668 576 1732 nis,
627 1667 916 1733 Sesquiculi
958 1668 1254 1731 tragoediae
1288 1664 1372 1715 Fr.
1405 1666 1520 1714 281.
1547 1679 1589 1713 s.

469 1737 534 1792 Q.
583 1735 752 1786 Catuli
801 1733 961 1787 frater
1009 1734 1094 1786 Fr.
1126 1737 1242 1785 282.
1314 1736 1492 1784 orator
1536 1736 1590 1781 et

504 1810 625 1855 oeta
659 1803 726 1854 ib.
771 1803 880 1854 eius
914 1802 1177 1854 contentio
1214 1815 1329 1851 eum
1361 1798 1590 1861 Sulpicio

468 1873 536 1923 nb.
574 1872 683 1922 eius
720 1871 885 1921 oratio
922 1879 1015 1935 pro
1051 1867 1230 1917 Sardis
1265 1868 1316 1916 in
1354 1864 1590 1915 'RAlbu-

469 1937 598 1988 cinm
633 1936 692 1987 11.
730 1940 815 1987 97.
854 1937 961 1986 eius
993 1948 1131 1984 mors
1163 1933 1249 1982 Fr.
1283 1937 1404 1983 282.

533 2005 691 2061 Iulius
723 2002 979 2053 Proculus
1014 2000 1076 2049 11.
1109 2002 1225 2050 253.

481 2131 486 2138 .
540 2086 599 2136 C.
631 2092 686 2137 et
710 2085 774 2137 L.
808 2083 1051 2134 Iuliorum
1087 2082 1274 2136 caedes
1308 2069 1391 2132 F'r.
1412 2083 1526 2133 141.
1545 2098 1591 2133 a.

471 2154 585 2204 144.
603 2168 644 2202 s.
680 2151 911 2203 C.Iulius
940 2150 1165 2217 tragicus
1190 2151 1345 2216 poeta
1371 2149 1459 2202 Fr.
1480 2153 1592 2203 145.

471 2217 724 2339 efiltffigs‘
744 2284 961 2337 Blaesus
989 2284 1142 2336 COS.
1174 2299 1291 2368 cum
1317 2268 1483 2336 Lucio
1509 2281 1594 2336 Fr.

537 2392 732 2488 rup'ttoe
764 2436 829 2471 an
863 2418 1133 2486 Iuppiter?
1169 2407 1232 2470 1'1.
1267 2422 1382 2470 3⁷6.
1452 2418 1594 2487 1..ρὶ-

468 2494 551 2542 ter
565 2489 747 2605 d{itlius
781 2485 843 2539 11.
882 2492 997 2540 380.
1073 2486 1302 2554 Optimus
1335 2486 1600 2538 Maximus.

468 2572 526 2605 tn

635 2554 814 2622 pitolio
847 2555 907 2604 11.
940 2558 1057 2605 381.
1076 2606 1081 2613 ,

536 2638 719 2689 Iurare
734 2637 791 2688 in
808 2637 1028 2704 aliquem
1045 2638 1347 2689 calumniam
1373 2641 1459 2691 Fr.
1477 2644 1593 2691 280.

471 2722 536 2759 ea*
568 2705 731 2755 animi
763 2704 845 2757 sui
876 2704 1134 2755 sententia
1168 2706 1229 2755 11.
1264 2710 1381 2757 387.
1446 2756 1451 2763 ,

537 2788 669 2840 Iuris
704 2788 1225 2845 consultornmRom.
1259 2790 1327 2841 de
1362 2789 1594 2841 antochi-

472 2856 549 2907 ria
583 2856 837 2906 sententia
867 2854 906 2903 1.
942 2858 1060 2905 355.
1101 2878 1105 2884 ὴ
1132 2854 1242 2906 iure
1288 2857 1530 2910 consultis
1564 2874 1593 2907 a

471 2923 639 2974 librar.
660 2922 1041 2973 substituuntur
1054 2922 1184 2973 iuris
1202 2941 1366 2975 conss.
1393 2924 1456 2973 11.
1474 2929 1592 2976 300.

472 2988 850 3042 enodandorum
891 2991 1152 3042 nominum
1183 2993 1396 3042 studiosi
1439 2993 1476 3044 Ι.
1511 2997 1592 3043 52.

472 3072 652 3109 eorum
696 3061 815 3108 ante
865 3058 1087 3110 tribunal
1136 3060 1472 3112 ministerium
1506 3060 1592 3113 Fr.

540 3207 628 3274 Ins
663 3208 1090 3275 compensationis
1123 3215 1178 3262 et
1209 3209 1592 3273 retentionisli.

469 3277 588 3326 314.
619 3291 695 3339 sq.
747 3277 1068 3329 necessitatis
1113 3278 1177 3328 ΙΙ.
1210 3280 1325 3329 230.
1351 3280 1430 3342 sq.
1476 3283 1591 3330 233.

477 3341 747 3405 Quiritium
771 3345 860 3396 Fr.
879 3347 964 3395 32.
983 3361 1028 3395 a.
1058 3347 1180 3407 coil.
1197 3349 1311 3397 246.
1330 3362 1404 3411 sq.
1435 3363 1593 3413 prae-

471 3407 661 3459 torium
681 3409 732 3467 ῚΙ.
766 3413 853 3461 74.
911 3411 1102 3476 fetiale
1136 3412 1197 3463 Π.
1231 3417 1344 3464 388.
1376 3429 1452 3478 sq.
1501 3431 1592 3466 ae-

473 3475 672 3543 quabile
704 3478 781 3528 vel
824 3494 926 3543 par
958 3479 1016 3529 Π.
1049 3483 1132 3530 82.
1186 3483 1435 3532 vinculum
1471 3481 1594 3534 civi-

471 3545 592 3593 tatis
627 3543 687 3593 11.
721 3547 839 3595 220.
897 3561 1146 3597 summum
1182 3563 1377 3598 summa
1412 3549 1593 3599 ininria

470 3609 512 3657 1.
548 3612 632 3661 75.
669 3610 733 3662 de
767 3625 1067 3677 quacunque
1102 3614 1480 3665 conditionem
1510 3620 1592 3668 56.

427 3710 434 3719 1
470 3683 694 3728 naturae
736 3693 781 3728 ν.
829 3681 1070 3732 naturale
1118 3682 1155 3730 1.
1203 3684 1316 3732 121.
1367 3681 1430 3731 Π.
1475 3684 1592 3734 309.

470 3743 604 3794 unde
642 3745 805 3797 Stoici
842 3753 1076 3810 repetant
1110 3747 1170 3796 11.
1203 3751 1316 3799 217.
1336 3764 1451 3812 sqq.
1484 3752 1593 3803 eius

399 3874 403 3879 ι
472 3809 588 3871 fons
623 3811 684 3861 11.
723 3815 838 3864 319.
888 3814 1214 3877 distinguitur
1249 3830 1279 3863 a
1314 3816 1423 3870 inre
1455 3820 1594 3883 gen-

470 3876 599 3927 tium
631 3878 1068 3930 11.219.-—civile
1103 3882 1161 3932 11.
1195 3885 1309 3932 308.
1327 3899 1401 3948 sq.
1438 3900 1595 3936 sensu

476 3946 732 3997 strictiore
769 3952 822 3998 et
853 3949 1175 3998 strictissimo
1212 3951 1289 4000 vei
1316 3959 1593 4003 consuetu·

474 4009 671 4063 dinatio
708 4013 995 4078 11.309.,sq.
1033 4017 1112 4065 ius
1148 4016 1294 4068 civile
1330 4033 1448 4079 cum
1483 4020 1592 4072 iure

476 4082 970 4146 gent.‘comparatnr
1003 4080 1064 4132 ΙΙ.
1094 4085 1206 4132 310.
1226 4099 1302 4149 sq.
1338 4086 1464 4137 iuris
1498 4085 1590 4138 ho-

473 4142 594 4194 mini
628 4143 745 4197 nihil
780 4163 895 4200 cum
930 4148 1106 4201 bestiis
1140 4149 1177 4200 I.
1216 4154 1328 4202 121.
1364 4154 1395 4203 i.
1432 4153 1591 4206 civilis
1626 4176 1631 4183 ·

473 4209 693 4262 scientia
726 4216 860 4277 apud
894 4216 1159 4268 Romanos
1194 4217 1233 4267 1.
1265 4222 1351 4270 42.
1368 4234 1446 4285 sq.
1482 4222 1590 4273 eius

474 4276 751 4355 discendae
783 4282 913 4332 ratio
945 4284 1009 4334 11.
1044 4287 1125 4335 91.
1161 4283 1266 4335 eins
1300 4286 1527 4352 cognitio
1543 4293 1592 4338 et

474 4345 838 4411 interpretatio
869 4363 949 4415 ap.
982 4351 1135 4404 Rom.
1154 4352 1218 4405 Π.
1236 4355 1349 4404 128.
1387 4353 1438 4406 ei
1451 4355 1591 4423 fini-

1647 3956 1837 4006 'servis
1882 3954 1935 4006 1.·
1964 3958 2095 4006 104.’
2130 3953 2316 4004 iustum
2343 3955 2484 4020 pium

1394 359 1855 431 INBEXIL

1670 516 1794 569 tima
1828 511 2033 578 dicendi
2051 507 2287 578 facultas
2314 507 2383 563 n.
2419 513 2534 563 129.
2590 506 2695 561 &ss
2720 523 2800 560 ae-

1670 581 1822 651 quam
1857 589 1911 635 et
1943 583 2052 634 eius
2087 579 2366 645 descriptio
2399 579 2441 627 1.
2472 582 2601 629 199.
2643 578 2798 629 Π.3Ξ.

1668 654 1720 703 in
1754 651 1878 703 iuris
1910 649 2272 714 aequabilitate
2317 647 2358 696 1.
2397 650 2511 697 198.
2538 661 2630 711 sq.
2684 647 2798 696 iuris

1668 719 1930 770 Fictiones
1948 733 2028 783 ap.
2046 717 2312 768 Romanos
2326 714 2412 766 Fr.
2429 718 2547 764 257.
2566 730 2651 764 ss.
2694 711 2802 762 iura

1671 792 2001 837 controversa
2035 790 2087 835 et
2121 781 2274 833 dubia
2320 782 2381 832 11.
2413 784 2528 832 354.
2587 786 2801 831 sacrata

1671 854 1730 905 11.
1767 857 1885 905 368.
1923 852 2068 917 fides
2102 855 2340 901 sacratae
2375 849 2465 915 (ai.
2500 848 2802 912 sacratim)

1669 920 1749 971 ins
1781 921 1849 972 ib.
1899 919 1978 970 ius
2031 925 2288 969 sacratum
2330 916 2465 967 Iovis
2511 914 2801 966 iurandum

1671 987 1907 1054 sagmine
1939 988 2010 1039 ib.
2045 985 2235 1036 omnia·
2252 983 2393 1047 iura,
2426 982 2625 1034 diuina
2650 989 2799 1048 atque

1671 1056 1925 1118 humana,
1971 1060 2263 1122 pervertere
2294 1053 2333 1103 1.
2367 1056 2448 1102 59.
2498 1050 2585 1101 ins
2614 1055 2688 1101 'ac
2711 1051 2798 1114 sas

1646 1124 1710 1173 .1.
1730 1128 1811 1175 60.
1847 1123 1957 1173 inre
1990 1121 2178 1172 utimur
2213 1137 2271 1171 eo
2304 1126 2407 1171 etc.
2441 1118 2711 1170 formulae
2731 1118 2798 1167 vis

1673 1189 1739 1240 11.
1775 1194 1894 1242 299.
1934 1193 2051 1241 310.
2085 1188 2195 1239 iure
2228 1202 2390 1253 aequo
2425 1192 2475 1237 et
2505 1185 2637 1253 pari
2665 1184 2796 1236 vioe-

1672 1275 1731 1310 re
1765 1257 1805 1306 1.
1842 1262 1956 1309 260.
1990 1256 2070 1307 ins
2105 1262 2158 1307 et
2189 1254 2269 1305 vis
2301 1255 2439 1306 conf.
2474 1254 2563 1305 Fr.
2602 1257 2733 1306 255.

1738 1324 2093 1377 Iusiurandum
2128 1321 2442 1373 indicum-11.
2481 1325 2601 1372 256.
2623 1336 2669 1371 s.
2713 1320 2796 1371 Fr.

1600 1421 1607 1428 ·
1674 1395 1788 1446 165.
1812 1408 1858 1443 a.
1878 1390 2168 1444 —testinm
2200 1390 2285 1441 Fr.
2321 1393 2437 1441 168.
2473 1387 2706 1440 hostium
2737 1388 2795 1438 II.

1672 1464 1791 1512 371.
1838 1458 1972 1510 Iovis
2006 1457 2216 1509 11:380.
2265 1455 2590 1509 iurisiurandi
2629 1457 2708 1506 vis
2739 1454 2795 1504 11.

1674 1531 1791 1579 379.
1818 1542 1857 1578 s.
1904 1525 2036 1578 hosti
2087 1524 2528 1576 conservandum?
2584 1523 2651 1573 Π.
2686 1526 2794 1573 378.

1674 1598 1786 1645 385.
1835 1595 2097 1660 quodnam
2135 1593 2490 1659 negligendum
2528 1591 2648 1643 sine
2680 1605 2792 1657 per·-

1673 1661 1844 1729 iun-jo?
1880 1661 1942 1712 11.
1974 1664 2149 1712 3851&
2187 1661 2293 1712 eius
2330 1657 2519 1726 religio
2535 1675 2624 1725 ap.
2646 1659 2791 1710 Rom.

1674 1729 1734 1780 11.
1765 1733 1880 1780 393.
1908 1745 1952 1780 s.
2005 1729 2144 1793 quod
2179 1728 2407 1780 indicant
2439 1729 2586 1793 leges
2622 1740 2793 1778 sacra·-

1674 1802 1760 1848 tae
1809 1795 1896 1847 Fr.
1942 1799 2029 1846 59.
2099 1795 2210 1845 iure
2258 1793 2478 1845 iurando
2529 1793 2788 1855 astrictus,

1673 1863 1892 1929 vinctus,
1928 1862 2250 1928 constrictus,
2287 1862 2555 1914 obstrictus
2593 1861 2633 1913 1.
2654 1865 2737 1911 97.
2753 1877 2791 1912 s.

1676 1948 1793 1984 cum
1843 1947 2013 1992 accus.
2060 1937 2119 1983 et‘
2157 1933 2294 1983 infin.
2340 1932 2413 1982 ib.
2456 1935 2543 1981 98.
2600 1930 2796 1981 solnm

1672 2000 1743 2051 ib.
1778 2003 1890 2049 100.
2012 2007 2023 2020 ·“
2112 2007 2121 2026 '
2428 2003 2433 2008 '

1743 2064 1946 2118 Iustitia
1979 2065 2019 2116 1.
2055 2069 2137 2116 36.
2185 2064 2337 2117 defin.
2381 2065 2422 2114 Ι.
2455 2068 2577 2116 332.
2601 2080 2647 2116 s.
2694 2064 2797 2115 eius

1678 2143 1851 2200 partes
1888 2133 1925 2183 1.
1958 2136 2042 2184 45.
2077 2137 2166 2186 53..
2208 2138 2260 2184 et
2303 2133 2596 2184 differentia
2641 2148 2674 2182 a
2718 2130 2795 2181 be-

1677 2200 1946 2268 neficentia
1989 2202 2057 2252 ib.
2090 2203 2174 2252 45.
2226 2200 2450 2250 omnium
2495 2199 2709 2249 domina
2748 2202 2793 2248 et

1677 2268 1867 2324 regina
1899 2267 2139 2324 virtutum
2172 2268 2408 2320 laudatur
2441 2282 2472 2317 a
2496 2267 2722 2317 Platone
2746 2269 2793 2315 et

1614 2372 1619 2376 ,
1678 2338 1957 2398 Aristotele
1988 2337 2122 2389 1:45.
2158 2335 2218 2388 11.
2234 2339 2350 2387 230.
2386 2334 2671 2386 communis
2696 2331 2793 2384 uti-

1676 2403 1851 2454 litates
1883 2403 1940 2453 in
1970 2404 2189 2455 medinm
2218 2404 2378 2470 ,affert
2412 2403 2451 2453 Ι.
2484 2407 2567 2453 50.
2604 2398 2795 2453 iustitia
2824 2463 2825 2470 ἵ

1680 2470 1807 2522 sine·
1837 2470 2114 2535 prudentia
2162 2473 2293 2522 satis
2326 2470 2481 2521 habet
2513 2468 2793 2521 auctorita-

1640 2535 1746 2589 'tis
1781 2538 1839 2589 11.
1875 2541 1955 2589 67.
2008 2540 2142 2589 inter
2185 2540 2400 2590 virtutes
2444 2538 2626 2604 quibus
2672 2533 2796 2587 actio

1644 2605 1812 2657 “uitae
1857 2605 2178 2667 continetur,
2228 2607 2391 2672 prima
2439 2611 2725 2657 memorata
2756 2604 2793 2653 Ι.

1677 2674 1791 2725 332.
1819 2678 1883 2726 s.‘
1935 2690 1999 2726 ex
2051 2676 2213 2725 tribus
2275 2675 2478 2739 reliquis
2527 2672 2796 2724 virtutibus

1660 2747 1881 2811 ‘constat
1908 2743 1985 2792 ib.
2023 2745 2139 2791 332.
2158 2758 2227 2792 ss.
2266 2741 2440 2791 divina
2473 2741 2680 2791 ib.333.
2715 2755 2795 2791 ea-

1678 2808 1795 2859 dem
1849 2825 1964 2859 cum
2015 2807 2270 2873 religione
2316 2809 2383 2860 ib.
2429 2811 2549 2859 334.
2604 2805 2796 2858 iustitia

1676 2876 1918 2941 sapientis
1953 2876 1991 2927 1.
2028 2879 2145 2926 317.
2191 2875 2387 2926 institia
2421 2875 2795 2926 admirabilita-

1677 2947 1778 2992 tem
1811 2945 2062 3008 magnam
2083 2943 2224 3007 facit
2260 2943 2326 2992 ΙΙ.
2361 2948 2446 2994 75.
2483 2959 2604 2993 num
2642 2945 2794 2994 iustus

1678 3026 1794 3061 esse
1839 3013 2030 3077 possit,
2085 3012 2168 3076 qui
2215 3011 2429 3063 adversa
2469 3011 2700 3061 timeat?
2735 3007 2791 3056 11.

1675 3080 1761 3127 75.
1781 3094 1821 3129 s.
1870 3077 2073 3130 iustitia
2108 3077 2395 3129 iniustitiae
2424 3077 2791 3143 praeferenda,

1678 3144 1886 3209 dempta
1921 3147 2055 3198 omni
2090 3161 2302 3212 prorsus
2336 3147 2558 3196 utilitate
2591 3145 2659 3196 11.
2688 3147 2792 3196 184.

1671 3211 1872 3264 iustitia
1919 3230 2004 3280 ap.
2056 3213 2367 3278 voluptarios
2410 3214 2549 3263 iacet
2581 3210 2650 3265 ΙΙ.
2687 3215 2794 3263 412.

1680 3294 1778 3344 per
1820 3297 1875 3332 se
1919 3282 2205 3347 expetenda
2236 3282 2304 3332 ib;
2356 3280 2574 3331 colenda
2624 3286 2679 3332 et
2713 3295 2795 3331 rc·-

1639 3343 1892 3415 *ftinend‘a
1940 3347 2054 3414 ipsa
2114 3363 2214 3421 per
2269 3364 2407 3399 sese:
2472 3363 2598 3398 nam
2651 3347 2795 3399 aliter

1673 3412 1870 3466 iustitia
1903 3432 2012 3467 non
2046 3422 2178 3467 esset
2211 3414 2273 3469 ΙΙ.
2299 3412 2383 3466 83.
2419 3415 2537 3466 inst.
2571 3417 2794 3482 compie-

1677 3484 1832 3534 etitur
1868 3482 2173 3548 religionem
2217 3483 2253 3535 1.
2288 3485 2407 3535 304.
2457 3483 2688 3534 iustitiae
2719 3480 2793 3546 of-

1663 3550 1795 3617 ficia
1829 3550 1888 3601 11.
1923 3554 2004 3601 86.
2039 3552 2264 3602 iustitiae
2294 3550 2347 3601 in
2382 3549 2583 3602 hostem
2620 3565 2792 3604 exem·

1680 3621 1814 3687 plum
1851 3619 1887 3679 1„
1927 3621 2027 3668 349
2065 3635 2108 3668 s.

1745 3684 1915 3735 Iustus
1965 3691 2015 3735 et
2065 3682 2326 3751 legitimus
2374 3683 2538 3736 hostis
2583 3684 2654 3735 Π.
2688 3686 2792 3735 388.

1678 3752 1841 3804 indus
1893 3751 2036 3817 isque
2089 3769 2234 3818 quem
2286 3752 2529 3803 sentimus
2577 3754 2793 3804 virum

1679 3822 1810 3871 bon
1829 3832 1933 3879 *um
1967 3819 2203 3881 11.‚324.1
2237 3819 2362 3870 iusti
2407 3826 2462 3871 et
2494 3820 2607 3884 fida·
2642 3818 2792 3871 homi-

1678 3903 1769 3937 nes
1804 3887 2082 3951 inuguutur
2114 3887 2176 3937 11.
2209 3891 2294 3936 66.
2331 3887 2470 3938 insta
2502 3884 2795 3952 praebenda

2554 3972 2582 4006 e
2620 3954 2792 4006 bellun

1675 4021 1738 4072 11.
1775 4025 1891 4072 388.
1944 4021 2187 4086 quidquid
2232 4020 2263 4070 i.
2301 4028 2408 4085 est,
2454 4022 2476 4072 i
2510 4039 2587 4073 ern
2636 4022 2789 4074 hone·-

1676 4095 1810 4206 stuem
1844 4089 1907 4137 11.
1941 4093 2024 4140 23.
2059 4089 2247 4139 iustum
2284 4095 2339 4142 et
2370 4089 2525 4141 istum
2557 4091 2702 4142 conf.
2732 4085 2789 4138 11.

1742 4223 1990 4275 Iuturnae
2023 4222 2162 4281 lactas
2193 4223 2254 4276 11.
2292 4227 2403 4276 173.
2440 4226 2556 4278 176.
