<?xml version="1.0" encoding="UTF-8"?>
<!DOCTYPE html PUBLIC "-//W3C//DTD XHTML 1.0 Transitional//EN"
    "http://www.w3.org/TR/xhtml1/DTD/xhtml1-transitional.dtd">
<html xmlns="http://www.w3.org/1999/xhtml" xml:lang="en" lang="en">
 <head>
  <title>
</title>
<meta http-equiv="Content-Type" content="text/html;charset=utf-8" />
  <meta name='ocr-system' content='tesseract 3.04.00' />
  <meta name='ocr-capabilities' content='ocr_page ocr_carea ocr_par ocr_line ocrx_word'/>
</head>
<body>
  <div class='ocr_page' id='page_1' title='image "./indicesadcicero00unkngoog_0029.png"; bbox 0 0 2850 5225; ppageno 0'>
   <div class='ocr_carea' id='block_1_1' title="bbox 671 273 1808 427">
    <p class='ocr_par' dir='ltr' id='par_1_1' title="bbox 671 273 1808 427">
     <span class='ocr_line' id='line_1_1' title="bbox 671 273 1808 427; baseline 0.004 -43"><span class='ocrx_word' id='word_1_1' title='bbox 671 291 1021 427; x_wconf 69' lang='lat' dir='ltr'><strong><em>annom</em></strong></span> <span class='ocrx_word' id='word_1_2' title='bbox 1079 321 1209 388; x_wconf 75' lang='lat' dir='ltr'><strong><em>ET</em></strong></span> <span class='ocrx_word' id='word_1_3' title='bbox 1264 273 1808 392; x_wconf 69' lang='lat' dir='ltr'><strong><em>menonis,</em></strong></span> 
     </span>
    </p>
   </div>
   <div class='ocr_carea' id='block_1_2' title="bbox 22 470 1208 2496">
    <p class='ocr_par' dir='ltr' id='par_1_2' title="bbox 22 470 1202 1218">
     <span class='ocr_line' id='line_1_2' title="bbox 78 470 1201 541; baseline 0.004 -17"><span class='ocrx_word' id='word_1_4' title='bbox 78 470 273 539; x_wconf 59' lang='lat' dir='ltr'><strong><em>aliquis</em></strong></span> <span class='ocrx_word' id='word_1_5' title='bbox 304 488 452 540; x_wconf 86' lang='lat' dir='ltr'><strong><em>pron.</em></strong></span> <span class='ocrx_word' id='word_1_6' title='bbox 501 474 574 526; x_wconf 80' lang='lat' dir='ltr'><strong><em>vis</em></strong></span> <span class='ocrx_word' id='word_1_7' title='bbox 616 474 824 541; x_wconf 87' lang='lat' dir='ltr'><strong><em>pluralis</em></strong></span> <span class='ocrx_word' id='word_1_8' title='bbox 855 474 899 527; x_wconf 92' lang='lat'><strong><em>1.</em></strong></span> <span class='ocrx_word' id='word_1_9' title='bbox 930 478 1051 528; x_wconf 81' lang='grc'><strong>235.</strong></span> <span class='ocrx_word' id='word_1_10' title='bbox 1101 476 1201 527; x_wconf 80' lang='lat' dir='ltr'><strong><em>ali-</em></strong></span> 
     </span>
     <span class='ocr_line' id='line_1_3' title="bbox 82 540 1202 609; baseline 0.004 -19"><span class='ocrx_word' id='word_1_11' title='bbox 82 557 233 606; x_wconf 75' lang='lat' dir='ltr'><strong><em>quem</em></strong></span> <span class='ocrx_word' id='word_1_12' title='bbox 267 546 322 593; x_wconf 89' lang='lat' dir='ltr'><strong><em>et</em></strong></span> <span class='ocrx_word' id='word_1_13' title='bbox 353 540 508 591; x_wconf 74' lang='lat' dir='ltr'><strong><em>alima</em></strong></span> <span class='ocrx_word' id='word_1_14' title='bbox 533 557 678 608; x_wconf 72' lang='lat' dir='ltr'><strong><em>quem</em></strong></span> <span class='ocrx_word' id='word_1_15' title='bbox 709 559 754 593; x_wconf 80' lang='lat' dir='ltr'><strong><em>v.</em></strong></span> <span class='ocrx_word' id='word_1_16' title='bbox 790 558 1033 609; x_wconf 80' lang='lat' dir='ltr'><strong><em>quemque</em></strong></span> <span class='ocrx_word' id='word_1_17' title='bbox 1065 543 1202 596; x_wconf 81' lang='lat' dir='ltr'><strong><em>conf.</em></strong></span> 
     </span>
     <span class='ocr_line' id='line_1_4' title="bbox 77 608 1200 674; baseline 0.001 -14"><span class='ocrx_word' id='word_1_18' title='bbox 77 608 124 660; x_wconf 88' lang='lat'><strong><em>1.</em></strong></span> <span class='ocrx_word' id='word_1_19' title='bbox 158 612 276 659; x_wconf 83' lang='grc'><strong>235.</strong></span> <span class='ocrx_word' id='word_1_20' title='bbox 328 608 515 674; x_wconf 62' lang='lat' dir='ltr'><strong><em>alicacia</em></strong></span> <span class='ocrx_word' id='word_1_21' title='bbox 545 623 680 660; x_wconf 75' lang='lat' dir='ltr'><strong><em>unas</em></strong></span> <span class='ocrx_word' id='word_1_22' title='bbox 729 615 827 662; x_wconf 88' lang='lat' dir='ltr'><strong><em>etc.</em></strong></span> <span class='ocrx_word' id='word_1_23' title='bbox 875 611 937 662; x_wconf 90' lang='grc' dir='ltr'><strong><em>ΙΙ.</em></strong></span> <span class='ocrx_word' id='word_1_24' title='bbox 972 615 1053 664; x_wconf 92' lang='grc'><strong><em>81.</em></strong></span> <span class='ocrx_word' id='word_1_25' title='bbox 1099 611 1200 661; x_wconf 86' lang='lat' dir='ltr'><strong><em>ali-</em></strong></span> 
     </span>
     <span class='ocr_line' id='line_1_5' title="bbox 83 675 1202 743; baseline 0.003 -17"><span class='ocrx_word' id='word_1_26' title='bbox 83 675 197 742; x_wconf 76' lang='lat' dir='ltr'><strong><em>quis</em></strong></span> <span class='ocrx_word' id='word_1_27' title='bbox 232 691 377 741; x_wconf 88' lang='lat' dir='ltr'><strong><em>pron.</em></strong></span> <span class='ocrx_word' id='word_1_28' title='bbox 414 677 639 740; x_wconf 72' lang='lat' dir='ltr'><strong><em>iungitur</em></strong></span> <span class='ocrx_word' id='word_1_29' title='bbox 672 683 825 742; x_wconf 80' lang='lat' dir='ltr'><strong><em>partt.</em></strong></span> <span class='ocrx_word' id='word_1_30' title='bbox 871 678 1030 743; x_wconf 69' lang='lat' dir='ltr'><strong><em>quasi,</em></strong></span> <span class='ocrx_word' id='word_1_31' title='bbox 1066 686 1202 731; x_wconf 77' lang='lat' dir='ltr'><strong><em>tam-</em></strong></span> 
     </span>
     <span class='ocr_line' id='line_1_6' title="bbox 81 743 1200 810; baseline 0.005 -17"><span class='ocrx_word' id='word_1_32' title='bbox 81 758 237 809; x_wconf 78' lang='lat' dir='ltr'><strong><em>quam</em></strong></span> <span class='ocrx_word' id='word_1_33' title='bbox 269 744 309 795; x_wconf 90' lang='lat'><strong><em>1.</em></strong></span> <span class='ocrx_word' id='word_1_34' title='bbox 344 747 425 804; x_wconf 79' lang='grc'><strong><em>67.</em></strong></span> <span class='ocrx_word' id='word_1_35' title='bbox 460 743 635 809; x_wconf 76' lang='lat' dir='ltr'><strong><em>aliqua</em></strong></span> <span class='ocrx_word' id='word_1_36' title='bbox 667 744 913 797; x_wconf 75' lang='lat' dir='ltr'><strong><em>dubitatio</em></strong></span> <span class='ocrx_word' id='word_1_37' title='bbox 944 747 1200 810; x_wconf 84' lang='lat' dir='ltr'><strong><em>quomodo</em></strong></span> 
     </span>
     <span class='ocr_line' id='line_1_7' title="bbox 78 811 1199 880; baseline 0.002 -17"><span class='ocrx_word' id='word_1_38' title='bbox 78 817 228 863; x_wconf 86' lang='lat' dir='ltr'><strong><em>recte</em></strong></span> <span class='ocrx_word' id='word_1_39' title='bbox 277 811 480 866; x_wconf 88' lang='lat' dir='ltr'><strong><em>dicatur</em></strong></span> <span class='ocrx_word' id='word_1_40' title='bbox 512 812 552 863; x_wconf 91' lang='lat' dir='ltr'><strong><em>l.</em></strong></span> <span class='ocrx_word' id='word_1_41' title='bbox 588 815 702 862; x_wconf 95' lang='grc'><strong>338.</strong></span> <span class='ocrx_word' id='word_1_42' title='bbox 754 812 945 877; x_wconf 79' lang='lat' dir='ltr'><strong><em>aliquid</em></strong></span> <span class='ocrx_word' id='word_1_43' title='bbox 979 830 1011 864; x_wconf 89' lang='lat' dir='ltr'><strong><em>a</em></strong></span> <span class='ocrx_word' id='word_1_44' title='bbox 1043 818 1199 880; x_wconf 79' lang='lat' dir='ltr'><strong><em>gloss.</em></strong></span> 
     </span>
     <span class='ocr_line' id='line_1_8' title="bbox 77 877 1200 933; baseline 0.004 -4"><span class='ocrx_word' id='word_1_45' title='bbox 77 877 287 932; x_wconf 76' lang='lat' dir='ltr'><strong><em>additur</em></strong></span> <span class='ocrx_word' id='word_1_46' title='bbox 334 879 488 930; x_wconf 82' lang='lat' dir='ltr'><strong><em>verbo</em></strong></span> <span class='ocrx_word' id='word_1_47' title='bbox 535 878 805 930; x_wconf 66' lang='lat' dir='ltr'><strong><em>detrahere</em></strong></span> <span class='ocrx_word' id='word_1_48' title='bbox 853 880 917 931; x_wconf 91' lang='lat'>11.</span> <span class='ocrx_word' id='word_1_49' title='bbox 964 885 1082 933; x_wconf 89' lang='grc'><strong>217.</strong></span> <span class='ocrx_word' id='word_1_50' title='bbox 1132 881 1200 933; x_wconf 88' lang='lat' dir='ltr'><strong><em>al.</em></strong></span> 
     </span>
     <span class='ocr_line' id='line_1_9' title="bbox 22 943 1202 1018; baseline 0.004 -23"><span class='ocrx_word' id='word_1_51' title='bbox 22 1011 25 1018; x_wconf 89' lang='lat'>.</span> <span class='ocrx_word' id='word_1_52' title='bbox 78 943 229 1011; x_wconf 78' lang='lat' dir='ltr'><strong><em>queri</em></strong></span> <span class='ocrx_word' id='word_1_53' title='bbox 268 945 336 997; x_wconf 90' lang='lat'><strong><em>11.</em></strong></span> <span class='ocrx_word' id='word_1_54' title='bbox 373 949 484 997; x_wconf 90' lang='grc'><strong>139.</strong></span> <span class='ocrx_word' id='word_1_55' title='bbox 550 945 742 1011; x_wconf 75' lang='lat' dir='ltr'><strong><em>aliquid</em></strong></span> <span class='ocrx_word' id='word_1_56' title='bbox 790 961 934 1013; x_wconf 77' lang='lat' dir='ltr'><strong><em>pron.</em></strong></span> <span class='ocrx_word' id='word_1_57' title='bbox 980 948 1202 1005; x_wconf 76' lang='lat' dir='ltr'><strong><em>affirma-</em></strong></span> 
     </span>
     <span class='ocr_line' id='line_1_10' title="bbox 75 1013 1200 1082; baseline 0.004 -19"><span class='ocrx_word' id='word_1_58' title='bbox 75 1014 238 1064; x_wconf 86' lang='lat' dir='ltr'><strong><em>tivum</em></strong></span> <span class='ocrx_word' id='word_1_59' title='bbox 272 1013 317 1063; x_wconf 92' lang='lat' dir='ltr'>l.</span> <span class='ocrx_word' id='word_1_60' title='bbox 353 1017 466 1065; x_wconf 85' lang='grc'><strong>338.</strong></span> <span class='ocrx_word' id='word_1_61' title='bbox 486 1029 526 1064; x_wconf 82' lang='lat' dir='ltr'>s.</span> <span class='ocrx_word' id='word_1_62' title='bbox 562 1013 759 1080; x_wconf 78' lang='lat' dir='ltr'><strong><em>aliquid</em></strong></span> <span class='ocrx_word' id='word_1_63' title='bbox 792 1021 890 1067; x_wconf 89' lang='lat' dir='ltr'><strong><em>etc.</em></strong></span> <span class='ocrx_word' id='word_1_64' title='bbox 927 1022 1044 1081; x_wconf 80' lang='lat' dir='ltr'><strong><em>post</em></strong></span> <span class='ocrx_word' id='word_1_65' title='bbox 1075 1029 1200 1082; x_wconf 77' lang='lat' dir='ltr'><strong><em>neg.</em></strong></span> 
     </span>
     <span class='ocr_line' id='line_1_11' title="bbox 73 1079 1202 1148; baseline 0.004 -18"><span class='ocrx_word' id='word_1_66' title='bbox 73 1084 195 1131; x_wconf 90' lang='grc'><strong>339.</strong></span> <span class='ocrx_word' id='word_1_67' title='bbox 234 1079 282 1130; x_wconf 76' lang='lat' dir='ltr'><strong><em>ei</em></strong></span> <span class='ocrx_word' id='word_1_68' title='bbox 314 1097 422 1131; x_wconf 78' lang='lat' dir='ltr'><strong><em>noa</em></strong></span> <span class='ocrx_word' id='word_1_69' title='bbox 455 1080 675 1147; x_wconf 77' lang='lat' dir='ltr'><strong><em>optima,</em></strong></span> <span class='ocrx_word' id='word_1_70' title='bbox 721 1087 779 1133; x_wconf 83' lang='lat' dir='ltr'><strong><em>at</em></strong></span> <span class='ocrx_word' id='word_1_71' title='bbox 823 1083 1069 1148; x_wconf 86' lang='lat' dir='ltr'><strong><em>aliqua</em></strong></span> <span class='ocrx_word' id='word_1_72' title='bbox 1118 1090 1202 1134; x_wconf 85' lang='lat' dir='ltr'><strong><em>ta-</em></strong></span> 
     </span>
     <span class='ocr_line' id='line_1_12' title="bbox 74 1148 1196 1218; baseline 0.004 -21"><span class='ocrx_word' id='word_1_73' title='bbox 74 1162 199 1199; x_wconf 79' lang='lat' dir='ltr'><strong><em>men</em></strong></span> <span class='ocrx_word' id='word_1_74' title='bbox 231 1148 273 1199; x_wconf 93' lang='grc' dir='ltr'><strong><em>Ι.</em></strong></span> <span class='ocrx_word' id='word_1_75' title='bbox 305 1151 388 1200; x_wconf 89' lang='grc'><strong><em>83.</em></strong></span> <span class='ocrx_word' id='word_1_76' title='bbox 1192 1205 1196 1218; x_wconf 58' lang='grc'><strong>,</strong></span> 
     </span>
    </p>

    <p class='ocr_par' dir='ltr' id='par_1_3' title="bbox 78 1214 1208 1943">
     <span class='ocr_line' id='line_1_13' title="bbox 142 1214 1205 1284; baseline 0.001 -18"><span class='ocrx_word' id='word_1_77' title='bbox 142 1214 300 1266; x_wconf 69' lang='lat' dir='ltr'><strong><em>Alius</em></strong></span> <span class='ocrx_word' id='word_1_78' title='bbox 346 1221 445 1267; x_wconf 88' lang='lat' dir='ltr'><strong><em>etc.</em></strong></span> <span class='ocrx_word' id='word_1_79' title='bbox 492 1221 714 1282; x_wconf 80' lang='lat' dir='ltr'><strong><em>corrupt.</em></strong></span> <span class='ocrx_word' id='word_1_80' title='bbox 761 1232 792 1268; x_wconf 90' lang='lat' dir='ltr'><strong><em>e</em></strong></span> <span class='ocrx_word' id='word_1_81' title='bbox 841 1232 984 1283; x_wconf 90' lang='lat' dir='ltr'><strong><em>pron.</em></strong></span> <span class='ocrx_word' id='word_1_82' title='bbox 1018 1216 1205 1284; x_wconf 57' lang='lat' dir='ltr'><strong><em>aliquas</em></strong></span> 
     </span>
     <span class='ocr_line' id='line_1_14' title="bbox 78 1280 1203 1348; baseline 0.001 -14"><span class='ocrx_word' id='word_1_83' title='bbox 78 1280 118 1334; x_wconf 91' lang='lat'><strong><em>1.</em></strong></span> <span class='ocrx_word' id='word_1_84' title='bbox 153 1286 277 1334; x_wconf 86' lang='grc'><strong>238.</strong></span> <span class='ocrx_word' id='word_1_85' title='bbox 338 1282 386 1332; x_wconf 75' lang='lat' dir='ltr'><strong><em>si</em></strong></span> <span class='ocrx_word' id='word_1_86' title='bbox 418 1282 539 1348; x_wconf 81' lang='lat' dir='ltr'><strong><em>quid</em></strong></span> <span class='ocrx_word' id='word_1_87' title='bbox 574 1281 819 1335; x_wconf 74' lang='lat' dir='ltr'><strong><em>dedeceat</em></strong></span> <span class='ocrx_word' id='word_1_88' title='bbox 842 1284 921 1334; x_wconf 63' lang='lat' dir='ltr'><strong><em>*in</em></strong></span> <span class='ocrx_word' id='word_1_89' title='bbox 954 1285 1088 1348; x_wconf 74' lang='lat' dir='ltr'><strong><em>aliie,</em></strong></span> <span class='ocrx_word' id='word_1_90' title='bbox 1122 1284 1203 1335; x_wconf 81' lang='lat' dir='ltr'><strong><em>vi·-</em></strong></span> 
     </span>
     <span class='ocr_line' id='line_1_15' title="bbox 78 1349 1202 1417; baseline 0.003 -16"><span class='ocrx_word' id='word_1_91' title='bbox 78 1355 246 1401; x_wconf 78' lang='lat' dir='ltr'><strong><em>temue</em></strong></span> <span class='ocrx_word' id='word_1_92' title='bbox 278 1349 384 1417; x_wconf 59' lang='lat' dir='ltr'><strong><em>ipsi</em></strong></span> <span class='ocrx_word' id='word_1_93' title='bbox 415 1350 455 1401; x_wconf 92' lang='lat'><strong><em>1.</em></strong></span> <span class='ocrx_word' id='word_1_94' title='bbox 479 1354 592 1401; x_wconf 86' lang='grc'><strong>292.</strong></span> <span class='ocrx_word' id='word_1_95' title='bbox 640 1351 815 1417; x_wconf 71' lang='lat' dir='ltr'><strong><em>magis</em></strong></span> <span class='ocrx_word' id='word_1_96' title='bbox 848 1351 906 1402; x_wconf 81' lang='lat' dir='ltr'><strong><em>in</em></strong></span> <span class='ocrx_word' id='word_1_97' title='bbox 937 1351 1055 1403; x_wconf 75' lang='lat' dir='ltr'><strong><em>aliis</em></strong></span> <span class='ocrx_word' id='word_1_98' title='bbox 1074 1367 1202 1404; x_wconf 82' lang='lat' dir='ltr'><strong><em>.eer-</em></strong></span> 
     </span>
     <span class='ocr_line' id='line_1_16' title="bbox 78 1415 1208 1486; baseline 0.003 -19"><span class='ocrx_word' id='word_1_99' title='bbox 78 1415 280 1479; x_wconf 65' lang='grc' dir='ltr'><strong><em>κᾶεωο,</em></strong></span> <span class='ocrx_word' id='word_1_100' title='bbox 538 1417 895 1471; x_wconf 64' lang='lat' dir='ltr'><strong><em>iva-nobismet</em></strong></span> <span class='ocrx_word' id='word_1_101' title='bbox 937 1418 1097 1486; x_wconf 72' lang='lat' dir='ltr'><strong><em>ipsis,</em></strong></span> <span class='ocrx_word' id='word_1_102' title='bbox 1161 1419 1208 1470; x_wconf 74' lang='lat' dir='ltr'><strong><em>ei</em></strong></span> 
     </span>
     <span class='ocr_line' id='line_1_17' title="bbox 80 1483 1202 1552; baseline 0 -18"><span class='ocrx_word' id='word_1_103' title='bbox 80 1483 205 1551; x_wconf 73' lang='lat' dir='ltr'><strong><em>qaid</em></strong></span> <span class='ocrx_word' id='word_1_104' title='bbox 237 1484 551 1550; x_wconf 68' lang='lat' dir='ltr'><strong><em>delinquitur</em></strong></span> <span class='ocrx_word' id='word_1_105' title='bbox 580 1486 648 1538; x_wconf 87' lang='lat' dir='ltr'><strong><em>ib.</em></strong></span> <span class='ocrx_word' id='word_1_106' title='bbox 683 1485 816 1536; x_wconf 74' lang='lat' dir='ltr'><strong><em>alius</em></strong></span> <span class='ocrx_word' id='word_1_107' title='bbox 851 1499 1044 1552; x_wconf 74' lang='lat' dir='ltr'><strong><em>quoque</em></strong></span> <span class='ocrx_word' id='word_1_108' title='bbox 1088 1486 1202 1552; x_wconf 75' lang='lat' dir='ltr'><strong><em>qui-</em></strong></span> 
     </span>
     <span class='ocr_line' id='line_1_18' title="bbox 79 1552 1202 1620; baseline 0.004 -19"><span class='ocrx_word' id='word_1_109' title='bbox 79 1552 205 1602; x_wconf 86' lang='lat' dir='ltr'><strong><em>dam</em></strong></span> <span class='ocrx_word' id='word_1_110' title='bbox 252 1552 424 1603; x_wconf 74' lang='lat' dir='ltr'><strong><em>aditus</em></strong></span> <span class='ocrx_word' id='word_1_111' title='bbox 457 1559 557 1604; x_wconf 87' lang='lat' dir='ltr'><strong><em>etc.</em></strong></span> <span class='ocrx_word' id='word_1_112' title='bbox 601 1553 668 1608; x_wconf 90' lang='lat'>11.</span> <span class='ocrx_word' id='word_1_113' title='bbox 702 1556 783 1604; x_wconf 85' lang='lat'>64.</span> <span class='ocrx_word' id='word_1_114' title='bbox 828 1555 877 1620; x_wconf 78' lang='lat' dir='ltr'><strong><em>in</em></strong></span> <span class='ocrx_word' id='word_1_115' title='bbox 926 1556 1026 1605; x_wconf 86' lang='lat' dir='ltr'><strong><em>alia</em></strong></span> <span class='ocrx_word' id='word_1_116' title='bbox 1074 1556 1202 1606; x_wconf 71' lang='lat' dir='ltr'><strong><em>alius</em></strong></span> 
     </span>
     <span class='ocr_line' id='line_1_19' title="bbox 78 1618 1204 1687; baseline 0.003 -17"><span class='ocrx_word' id='word_1_117' title='bbox 78 1618 124 1670; x_wconf 92' lang='lat'><strong><em>1.</em></strong></span> <span class='ocrx_word' id='word_1_118' title='bbox 178 1621 263 1671; x_wconf 83' lang='lat'>51.</span> <span class='ocrx_word' id='word_1_119' title='bbox 298 1623 414 1671; x_wconf 81' lang='grc'><strong>248.</strong></span> <span class='ocrx_word' id='word_1_120' title='bbox 462 1620 603 1671; x_wconf 78' lang='lat' dir='ltr'><strong><em>aliud</em></strong></span> <span class='ocrx_word' id='word_1_121' title='bbox 638 1637 667 1673; x_wconf 92' lang='lat' dir='ltr'><strong><em>e</em></strong></span> <span class='ocrx_word' id='word_1_122' title='bbox 700 1623 873 1687; x_wconf 78' lang='lat' dir='ltr'><strong><em>glossa</em></strong></span> <span class='ocrx_word' id='word_1_123' title='bbox 904 1622 956 1674; x_wconf 90' lang='lat' dir='ltr'><strong><em>in</em></strong></span> <span class='ocrx_word' id='word_1_124' title='bbox 989 1621 1204 1673; x_wconf 82' lang='lat' dir='ltr'><strong><em>formula</em></strong></span> 
     </span>
     <span class='ocr_line' id='line_1_20' title="bbox 79 1686 1202 1754; baseline 0.003 -17"><span class='ocrx_word' id='word_1_125' title='bbox 79 1686 219 1738; x_wconf 73' lang='lat' dir='ltr'><strong><em>nihil</em></strong></span> <span class='ocrx_word' id='word_1_126' title='bbox 239 1687 368 1752; x_wconf 81' lang='lat' dir='ltr'><strong><em>fuit,</em></strong></span> <span class='ocrx_word' id='word_1_127' title='bbox 404 1695 461 1738; x_wconf 83' lang='lat' dir='ltr'><strong><em>ut</em></strong></span> <span class='ocrx_word' id='word_1_128' title='bbox 493 1689 531 1739; x_wconf 90' lang='lat'><strong><em>1.</em></strong></span> <span class='ocrx_word' id='word_1_129' title='bbox 557 1691 673 1739; x_wconf 89' lang='grc'><strong>272.</strong></span> <span class='ocrx_word' id='word_1_130' title='bbox 721 1687 862 1738; x_wconf 79' lang='lat' dir='ltr'><strong><em>aliud</em></strong></span> <span class='ocrx_word' id='word_1_131' title='bbox 891 1694 1101 1754; x_wconf 68' lang='lat' dir='ltr'><strong><em>praeter</em></strong></span> <span class='ocrx_word' id='word_1_132' title='bbox 1134 1690 1202 1741; x_wconf 88' lang='grc' dir='ltr'><strong><em>Π.</em></strong></span> 
     </span>
     <span class='ocr_line' id='line_1_21' title="bbox 81 1754 1203 1808; baseline 0.001 -2"><span class='ocrx_word' id='word_1_133' title='bbox 81 1757 163 1807; x_wconf 84' lang='grc'><strong><em>14.</em></strong></span> <span class='ocrx_word' id='word_1_134' title='bbox 224 1755 330 1805; x_wconf 80' lang='lat' dir='ltr'><strong><em>alio</em></strong></span> <span class='ocrx_word' id='word_1_135' title='bbox 390 1756 573 1806; x_wconf 75' lang='lat' dir='ltr'><strong><em>ducere</em></strong></span> <span class='ocrx_word' id='word_1_136' title='bbox 621 1754 688 1806; x_wconf 88' lang='lat'>11.</span> <span class='ocrx_word' id='word_1_137' title='bbox 738 1759 855 1808; x_wconf 81' lang='grc'><strong>351.</strong></span> <span class='ocrx_word' id='word_1_138' title='bbox 906 1773 955 1807; x_wconf 91' lang='lat' dir='ltr'><strong><em>a.</em></strong></span> <span class='ocrx_word' id='word_1_139' title='bbox 1014 1756 1122 1808; x_wconf 81' lang='lat' dir='ltr'><strong><em>alia</em></strong></span> <span class='ocrx_word' id='word_1_140' title='bbox 1170 1773 1203 1807; x_wconf 88' lang='lat' dir='ltr'><strong><em>a</em></strong></span> 
     </span>
     <span class='ocr_line' id='line_1_22' title="bbox 79 1822 1202 1887; baseline 0.004 -15"><span class='ocrx_word' id='word_1_141' title='bbox 79 1824 238 1887; x_wconf 77' lang='lat' dir='ltr'><strong><em>gloss.</em></strong></span> <span class='ocrx_word' id='word_1_142' title='bbox 273 1823 465 1874; x_wconf 81' lang='lat' dir='ltr'><strong><em>inserta</em></strong></span> <span class='ocrx_word' id='word_1_143' title='bbox 498 1839 573 1874; x_wconf 81' lang='lat' dir='ltr'><strong><em>vv.</em></strong></span> <span class='ocrx_word' id='word_1_144' title='bbox 607 1823 751 1873; x_wconf 84' lang='lat' dir='ltr'><strong><em>nulla</em></strong></span> <span class='ocrx_word' id='word_1_145' title='bbox 767 1840 842 1886; x_wconf 83' lang='lat' dir='ltr'><strong><em>re,</em></strong></span> <span class='ocrx_word' id='word_1_146' title='bbox 878 1822 982 1874; x_wconf 78' lang='lat' dir='ltr'><strong><em>nisi</em></strong></span> <span class='ocrx_word' id='word_1_147' title='bbox 1002 1824 1069 1875; x_wconf 87' lang='lat'><strong><em>11.</em></strong></span> <span class='ocrx_word' id='word_1_148' title='bbox 1086 1828 1202 1876; x_wconf 93' lang='grc'><strong>150.</strong></span> 
     </span>
     <span class='ocr_line' id='line_1_23' title="bbox 81 1889 1086 1943; baseline 0.002 -1"><span class='ocrx_word' id='word_1_149' title='bbox 81 1906 127 1942; x_wconf 86' lang='lat' dir='ltr'>s.</span> <span class='ocrx_word' id='word_1_150' title='bbox 162 1889 257 1939; x_wconf 81' lang='lat' dir='ltr'><strong><em>alii</em></strong></span> <span class='ocrx_word' id='word_1_151' title='bbox 288 1896 342 1942; x_wconf 91' lang='lat' dir='ltr'><strong><em>et</em></strong></span> <span class='ocrx_word' id='word_1_152' title='bbox 372 1889 452 1941; x_wconf 84' lang='lat' dir='ltr'><strong><em>illi</em></strong></span> <span class='ocrx_word' id='word_1_153' title='bbox 483 1890 616 1942; x_wconf 83' lang='lat' dir='ltr'><strong><em>conf.</em></strong></span> <span class='ocrx_word' id='word_1_154' title='bbox 653 1889 693 1942; x_wconf 90' lang='lat'><strong><em>1.</em></strong></span> <span class='ocrx_word' id='word_1_155' title='bbox 728 1894 843 1942; x_wconf 89' lang='grc'><strong>292.</strong></span> <span class='ocrx_word' id='word_1_156' title='bbox 877 1891 941 1943; x_wconf 88' lang='lat'><strong><em>11.</em></strong></span> <span class='ocrx_word' id='word_1_157' title='bbox 975 1896 1086 1943; x_wconf 86' lang='grc'><strong>63.·</strong></span> 
     </span>
    </p>

    <p class='ocr_par' dir='ltr' id='par_1_4' title="bbox 148 1957 685 2010">
     <span class='ocr_line' id='line_1_24' title="bbox 148 1957 685 2010; baseline -0.002 -1"><span class='ocrx_word' id='word_1_158' title='bbox 148 1957 438 2009; x_wconf 84' lang='lat' dir='ltr'><strong><em>Alliteratio</em></strong></span> <span class='ocrx_word' id='word_1_159' title='bbox 471 1957 536 2009; x_wconf 92' lang='lat' dir='ltr'><strong><em>Il.</em></strong></span> <span class='ocrx_word' id='word_1_160' title='bbox 570 1962 685 2010; x_wconf 86' lang='grc'><strong>392.</strong></span> 
     </span>
    </p>

    <p class='ocr_par' dir='ltr' id='par_1_5' title="bbox 79 2023 1204 2278">
     <span class='ocr_line' id='line_1_25' title="bbox 145 2023 1204 2090; baseline 0.004 -14"><span class='ocrx_word' id='word_1_161' title='bbox 145 2024 304 2076; x_wconf 80' lang='lat' dir='ltr'><strong><em>Alter</em></strong></span> <span class='ocrx_word' id='word_1_162' title='bbox 338 2039 438 2090; x_wconf 79' lang='lat' dir='ltr'><strong><em>ego</em></strong></span> <span class='ocrx_word' id='word_1_163' title='bbox 469 2041 516 2075; x_wconf 81' lang='lat' dir='ltr'><strong><em>v.</em></strong></span> <span class='ocrx_word' id='word_1_164' title='bbox 548 2025 683 2076; x_wconf 83' lang='lat' dir='ltr'><strong><em>idem</em></strong></span> <span class='ocrx_word' id='word_1_165' title='bbox 706 2025 748 2077; x_wconf 91' lang='lat'><strong><em>1.</em></strong></span> <span class='ocrx_word' id='word_1_166' title='bbox 775 2029 890 2077; x_wconf 87' lang='grc'><strong>133.</strong></span> <span class='ocrx_word' id='word_1_167' title='bbox 908 2042 951 2078; x_wconf 86' lang='lat' dir='ltr'>s.</span> <span class='ocrx_word' id='word_1_168' title='bbox 986 2023 1204 2080; x_wconf 68' lang='lat' dir='ltr'><strong><em>alteram’</em></strong></span> 
     </span>
     <span class='ocr_line' id='line_1_26' title="bbox 80 2091 1202 2159; baseline 0.002 -17"><span class='ocrx_word' id='word_1_169' title='bbox 80 2092 324 2144; x_wconf 84' lang='lat' dir='ltr'><strong><em>absolute</em></strong></span> <span class='ocrx_word' id='word_1_170' title='bbox 357 2094 580 2158; x_wconf 81' lang='lat' dir='ltr'><strong><em>positum</em></strong></span> <span class='ocrx_word' id='word_1_171' title='bbox 614 2091 656 2142; x_wconf 91' lang='lat' dir='ltr'><strong><em>l.</em></strong></span> <span class='ocrx_word' id='word_1_172' title='bbox 690 2097 776 2144; x_wconf 86' lang='grc'><strong><em>63.</em></strong></span> <span class='ocrx_word' id='word_1_173' title='bbox 798 2099 876 2159; x_wconf 67' lang='lat' dir='ltr'><strong><em>sq:</em></strong></span> <span class='ocrx_word' id='word_1_174' title='bbox 912 2094 1135 2158; x_wconf 55' lang='lat' dir='ltr'><strong><em>alterumk</em></strong></span> <span class='ocrx_word' id='word_1_175' title='bbox 1150 2095 1202 2144; x_wconf 91' lang='lat' dir='ltr'><strong><em>in</em></strong></span> 
     </span>
     <span class='ocr_line' id='line_1_27' title="bbox 80 2161 1204 2227; baseline 0.001 -16"><span class='ocrx_word' id='word_1_176' title='bbox 80 2161 483 2222; x_wconf 75' lang='lat' dir='ltr'>enumeratione,</span> <span class='ocrx_word' id='word_1_177' title='bbox 520 2174 637 2211; x_wconf 88' lang='lat' dir='ltr'><strong><em>cum</em></strong></span> <span class='ocrx_word' id='word_1_178' title='bbox 671 2163 1012 2227; x_wconf 84' lang='lat' dir='ltr'><strong><em>praecesserit</em></strong></span> <span class='ocrx_word' id='word_1_179' title='bbox 1040 2161 1204 2212; x_wconf 67' lang='lat' dir='ltr'><strong><em>tribus</em></strong></span> 
     </span>
     <span class='ocr_line' id='line_1_28' title="bbox 79 2226 557 2278; baseline 0.004 -2"><span class='ocrx_word' id='word_1_180' title='bbox 79 2226 138 2277; x_wconf 82' lang='lat' dir='ltr'><strong><em>in</em></strong></span> <span class='ocrx_word' id='word_1_181' title='bbox 169 2226 323 2277; x_wconf 71' lang='lat' dir='ltr'><strong><em>rebus</em></strong></span> <span class='ocrx_word' id='word_1_182' title='bbox 355 2226 421 2278; x_wconf 87' lang='grc' dir='ltr'><strong><em>Π.</em></strong></span> <span class='ocrx_word' id='word_1_183' title='bbox 459 2230 557 2278; x_wconf 80' lang='grc'><strong>37..</strong></span> 
     </span>
    </p>

    <p class='ocr_par' dir='ltr' id='par_1_6' title="bbox 146 2293 1155 2361">
     <span class='ocr_line' id='line_1_29' title="bbox 146 2293 1155 2361; baseline 0.002 -15"><span class='ocrx_word' id='word_1_184' title='bbox 146 2294 389 2346; x_wconf 80' lang='lat' dir='ltr'><strong><em>Altitudo</em></strong></span> <span class='ocrx_word' id='word_1_185' title='bbox 421 2293 586 2344; x_wconf 74' lang='lat' dir='ltr'><strong><em>aaivni</em></strong></span> <span class='ocrx_word' id='word_1_186' title='bbox 615 2309 662 2345; x_wconf 81' lang='lat' dir='ltr'><strong><em>v.</em></strong></span> <span class='ocrx_word' id='word_1_187' title='bbox 697 2293 884 2361; x_wconf 79' lang='lat' dir='ltr'><strong><em>ingeni</em></strong></span> <span class='ocrx_word' id='word_1_188' title='bbox 913 2295 958 2347; x_wconf 90' lang='grc' dir='ltr'><strong><em>Ι.</em></strong></span> <span class='ocrx_word' id='word_1_189' title='bbox 992 2299 1105 2348; x_wconf 89' lang='grc'><strong>199.</strong></span> <span class='ocrx_word' id='word_1_190' title='bbox 1146 2311 1155 2326; x_wconf 84' lang='grc'>·</span> 
     </span>
    </p>

    <p class='ocr_par' dir='ltr' id='par_1_7' title="bbox 149 2360 1203 2415">
     <span class='ocr_line' id='line_1_30' title="bbox 149 2360 1203 2415; baseline 0.002 -2"><span class='ocrx_word' id='word_1_191' title='bbox 149 2362 452 2414; x_wconf 79' lang='lat' dir='ltr'><strong><em>Amaudare</em></strong></span> <span class='ocrx_word' id='word_1_192' title='bbox 474 2378 540 2413; x_wconf 87' lang='lat' dir='ltr'><strong><em>an</em></strong></span> <span class='ocrx_word' id='word_1_193' title='bbox 564 2362 841 2415; x_wconf 68' lang='lat' dir='ltr'><strong><em>mentiare</em></strong></span> <span class='ocrx_word' id='word_1_194' title='bbox 860 2360 889 2412; x_wconf 84' lang='lat'><strong><em>?</em></strong></span> <span class='ocrx_word' id='word_1_195' title='bbox 921 2363 1007 2414; x_wconf 97' lang='lat' dir='ltr'><strong><em>Fr.</em></strong></span> <span class='ocrx_word' id='word_1_196' title='bbox 1024 2366 1139 2414; x_wconf 90' lang='grc'><strong>205.</strong></span> <span class='ocrx_word' id='word_1_197' title='bbox 1157 2379 1203 2415; x_wconf 87' lang='lat' dir='ltr'><strong><em>a.</em></strong></span> 
     </span>
    </p>

    <p class='ocr_par' dir='ltr' id='par_1_8' title="bbox 152 2428 1204 2496">
     <span class='ocr_line' id='line_1_31' title="bbox 152 2428 1204 2496; baseline 0.002 -16"><span class='ocrx_word' id='word_1_198' title='bbox 152 2429 452 2480; x_wconf 76' lang='lat' dir='ltr'><strong><em>Amaudare</em></strong></span> <span class='ocrx_word' id='word_1_199' title='bbox 470 2445 560 2480; x_wconf 76' lang='lat' dir='ltr'><strong><em>rus</em></strong></span> <span class='ocrx_word' id='word_1_200' title='bbox 580 2429 769 2495; x_wconf 74' lang='lat' dir='ltr'><strong><em>filium,</em></strong></span> <span class='ocrx_word' id='word_1_201' title='bbox 805 2430 918 2481; x_wconf 84' lang='lat' dir='ltr'><strong><em>duri</em></strong></span> <span class='ocrx_word' id='word_1_202' title='bbox 940 2432 1097 2496; x_wconf 82' lang='lat' dir='ltr'><strong><em>patris</em></strong></span> <span class='ocrx_word' id='word_1_203' title='bbox 1113 2428 1204 2483; x_wconf 84' lang='lat' dir='ltr'><strong><em>ha-</em></strong></span> 
     </span>
    </p>
   </div>
   <div class='ocr_carea' id='block_1_3' title="bbox 22 2497 1265 2631">
    <p class='ocr_par' dir='ltr' id='par_1_9' title="bbox 22 2497 1265 2631">
     <span class='ocr_line' id='line_1_32' title="bbox 22 2497 903 2549; baseline -0.001 0"><span class='ocrx_word' id='word_1_204' title='bbox 22 2513 25 2532; x_wconf 89' lang='lat'>·</span> <span class='ocrx_word' id='word_1_205' title='bbox 80 2498 305 2549; x_wconf 83' lang='lat' dir='ltr'><strong><em>bebatur</em></strong></span> <span class='ocrx_word' id='word_1_206' title='bbox 338 2497 403 2547; x_wconf 91' lang='lat'><strong><em>11.</em></strong></span> <span class='ocrx_word' id='word_1_207' title='bbox 437 2500 554 2548; x_wconf 89' lang='grc'><strong>396.</strong></span> <span class='ocrx_word' id='word_1_208' title='bbox 902 2535 903 2540; x_wconf 24' lang='lat'>¹</span> 
     </span>
     <span class='ocr_line' id='line_1_33' title="bbox 149 2564 1265 2631; baseline -0.002 -13"><span class='ocrx_word' id='word_1_209' title='bbox 149 2565 472 2631; x_wconf 79' lang='lat' dir='ltr'><strong><em>Ambiguitas</em></strong></span> <span class='ocrx_word' id='word_1_210' title='bbox 505 2566 555 2616; x_wconf 90' lang='lat' dir='ltr'><strong><em>in</em></strong></span> <span class='ocrx_word' id='word_1_211' title='bbox 590 2565 860 2617; x_wconf 85' lang='lat' dir='ltr'><strong><em>verborum</em></strong></span> <span class='ocrx_word' id='word_1_212' title='bbox 891 2579 986 2617; x_wconf 84' lang='lat' dir='ltr'><strong><em>usu</em></strong></span> <span class='ocrx_word' id='word_1_213' title='bbox 1000 2564 1204 2618; x_wconf 82' lang='lat' dir='ltr'>Fr.·84.</span> <span class='ocrx_word' id='word_1_214' title='bbox 1258 2597 1265 2604; x_wconf 89' lang='lat'>-</span> 
     </span>
    </p>
   </div>
   <div class='ocr_carea' id='block_1_4' title="bbox 83 2631 1205 3169">
    <p class='ocr_par' dir='ltr' id='par_1_10' title="bbox 83 2631 789 2685">
     <span class='ocr_line' id='line_1_34' title="bbox 83 2631 789 2685; baseline -0.001 0"><span class='ocrx_word' id='word_1_215' title='bbox 83 2631 136 2685; x_wconf 84' lang='lat' dir='ltr'><strong><em>b.</em></strong></span> <span class='ocrx_word' id='word_1_216' title='bbox 170 2637 252 2683; x_wconf 89' lang='grc'><strong>90.</strong></span> <span class='ocrx_word' id='word_1_217' title='bbox 288 2632 507 2684; x_wconf 77' lang='lat' dir='ltr'><strong><em>schoLs.</em></strong></span> <span class='ocrx_word' id='word_1_218' title='bbox 543 2633 610 2683; x_wconf 86' lang='lat' dir='ltr'><strong><em>ib.</em></strong></span> <span class='ocrx_word' id='word_1_219' title='bbox 643 2636 729 2684; x_wconf 83' lang='lat'>94.</span> <span class='ocrx_word' id='word_1_220' title='bbox 746 2649 789 2685; x_wconf 89' lang='lat' dir='ltr'>s.</span> 
     </span>
    </p>

    <p class='ocr_par' dir='ltr' id='par_1_11' title="bbox 85 2699 1205 2902">
     <span class='ocr_line' id='line_1_35' title="bbox 149 2699 1205 2764; baseline -0.003 -12"><span class='ocrx_word' id='word_1_221' title='bbox 149 2699 378 2752; x_wconf 77' lang='lat' dir='ltr'><strong><em>Ambitio</em></strong></span> <span class='ocrx_word' id='word_1_222' title='bbox 424 2701 477 2751; x_wconf 89' lang='lat' dir='ltr'><strong><em>in</em></strong></span> <span class='ocrx_word' id='word_1_223' title='bbox 516 2701 701 2764; x_wconf 84' lang='lat' dir='ltr'><strong><em>quibus</em></strong></span> <span class='ocrx_word' id='word_1_224' title='bbox 748 2706 989 2753; x_wconf 81' lang='lat' dir='ltr'><strong><em>nascatur</em></strong></span> <span class='ocrx_word' id='word_1_225' title='bbox 1032 2699 1073 2750; x_wconf 91' lang='grc' dir='ltr'><strong><em>Ι.</em></strong></span> <span class='ocrx_word' id='word_1_226' title='bbox 1119 2703 1205 2750; x_wconf 92' lang='grc'><strong><em>60.</em></strong></span> 
     </span>
     <span class='ocr_line' id='line_1_36' title="bbox 85 2767 1204 2820; baseline -0.001 -2"><span class='ocrx_word' id='word_1_227' title='bbox 85 2767 301 2818; x_wconf 75' lang='lat' dir='ltr'><strong><em>mabitio</em></strong></span> <span class='ocrx_word' id='word_1_228' title='bbox 333 2767 613 2819; x_wconf 87' lang='lat' dir='ltr'><strong><em>miserrima</em></strong></span> <span class='ocrx_word' id='word_1_229' title='bbox 647 2768 688 2819; x_wconf 92' lang='lat'><strong><em>1.</em></strong></span> <span class='ocrx_word' id='word_1_230' title='bbox 723 2772 839 2820; x_wconf 88' lang='grc'><strong>197.</strong></span> <span class='ocrx_word' id='word_1_231' title='bbox 898 2767 1104 2819; x_wconf 77' lang='lat' dir='ltr'><strong><em>ambitio</em></strong></span> <span class='ocrx_word' id='word_1_232' title='bbox 1152 2767 1204 2818; x_wconf 92' lang='lat' dir='ltr'><strong><em>in</em></strong></span> 
     </span>
     <span class='ocr_line' id='line_1_37' title="bbox 86 2833 1203 2902; baseline -0.001 -16"><span class='ocrx_word' id='word_1_233' title='bbox 86 2834 306 2888; x_wconf 86' lang='lat' dir='ltr'><strong><em>dicendo</em></strong></span> <span class='ocrx_word' id='word_1_234' title='bbox 323 2850 368 2886; x_wconf 89' lang='lat' dir='ltr'><strong><em>e.</em></strong></span> <span class='ocrx_word' id='word_1_235' title='bbox 385 2850 435 2902; x_wconf 87' lang='lat' dir='ltr'><strong><em>q.</em></strong></span> <span class='ocrx_word' id='word_1_236' title='bbox 456 2833 721 2886; x_wconf 71' lang='lat' dir='ltr'><strong><em>ambitiosa</em></strong></span> <span class='ocrx_word' id='word_1_237' title='bbox 733 2835 1203 2886; x_wconf 75' lang='lat' dir='ltr'><strong><em>oruameatal.232.</em></strong></span> 
     </span>
    </p>

    <p class='ocr_par' dir='ltr' id='par_1_12' title="bbox 86 2901 1203 3023">
     <span class='ocr_line' id='line_1_38' title="bbox 152 2901 1203 2969; baseline -0.002 -15"><span class='ocrx_word' id='word_1_238' title='bbox 152 2901 391 2955; x_wconf 67' lang='lat' dir='ltr'><strong><em>Ambitus</em></strong></span> <span class='ocrx_word' id='word_1_239' title='bbox 434 2918 603 2968; x_wconf 81' lang='lat' dir='ltr'><strong><em>poena</em></strong></span> <span class='ocrx_word' id='word_1_240' title='bbox 648 2904 762 2969; x_wconf 82' lang='lat' dir='ltr'><strong><em>lege</em></strong></span> <span class='ocrx_word' id='word_1_241' title='bbox 799 2902 969 2954; x_wconf 86' lang='lat' dir='ltr'><strong><em>Tullia</em></strong></span> <span class='ocrx_word' id='word_1_242' title='bbox 998 2902 1042 2954; x_wconf 89' lang='lat'><strong><em>1.</em></strong></span> <span class='ocrx_word' id='word_1_243' title='bbox 1085 2905 1203 2953; x_wconf 90' lang='grc'><strong>281.</strong></span> 
     </span>
     <span class='ocr_line' id='line_1_39' title="bbox 86 2970 1105 3023; baseline -0.003 0"><span class='ocrx_word' id='word_1_244' title='bbox 86 2970 484 3023; x_wconf 85' lang='lat' dir='ltr'><strong><em>candidatorum</em></strong></span> <span class='ocrx_word' id='word_1_245' title='bbox 514 2970 851 3022; x_wconf 82' lang='lat' dir='ltr'><strong><em>consularium</em></strong></span> <span class='ocrx_word' id='word_1_246' title='bbox 883 2970 949 3022; x_wconf 85' lang='lat' dir='ltr'><strong><em>F.</em></strong></span> <span class='ocrx_word' id='word_1_247' title='bbox 984 2972 1105 3021; x_wconf 88' lang='grc'><strong>287.</strong></span> 
     </span>
    </p>

    <p class='ocr_par' dir='ltr' id='par_1_13' title="bbox 151 3036 1036 3089">
     <span class='ocr_line' id='line_1_40' title="bbox 151 3036 1036 3089; baseline -0.001 0"><span class='ocrx_word' id='word_1_248' title='bbox 151 3036 317 3089; x_wconf 77' lang='lat' dir='ltr'><strong><em>Ambo</em></strong></span> <span class='ocrx_word' id='word_1_249' title='bbox 349 3038 400 3088; x_wconf 91' lang='lat' dir='ltr'><strong><em>in</em></strong></span> <span class='ocrx_word' id='word_1_250' title='bbox 432 3038 724 3089; x_wconf 81' lang='lat' dir='ltr'><strong><em>accusativo</em></strong></span> <span class='ocrx_word' id='word_1_251' title='bbox 756 3036 840 3088; x_wconf 82' lang='lat' dir='ltr'><strong><em>Fr.</em></strong></span> <span class='ocrx_word' id='word_1_252' title='bbox 875 3038 957 3088; x_wconf 87' lang='grc'><strong><em>34.</em></strong></span> <span class='ocrx_word' id='word_1_253' title='bbox 989 3053 1036 3089; x_wconf 89' lang='lat' dir='ltr'><strong><em>a.</em></strong></span> 
     </span>
    </p>

    <p class='ocr_par' dir='ltr' id='par_1_14' title="bbox 154 3101 1201 3169">
     <span class='ocr_line' id='line_1_41' title="bbox 154 3101 1201 3169; baseline -0.006 -11"><span class='ocrx_word' id='word_1_254' title='bbox 154 3105 528 3158; x_wconf 83' lang='lat' dir='ltr'><strong><em>Ambrosianae</em></strong></span> <span class='ocrx_word' id='word_1_255' title='bbox 562 3103 901 3157; x_wconf 72' lang='lat' dir='ltr'><strong><em>bibliothecae</em></strong></span> <span class='ocrx_word' id='word_1_256' title='bbox 936 3105 1080 3169; x_wconf 74' lang='lat' dir='ltr'><strong><em>origo</em></strong></span> <span class='ocrx_word' id='word_1_257' title='bbox 1111 3101 1201 3154; x_wconf 87' lang='lat' dir='ltr'><strong><em>Fr.</em></strong></span> 
     </span>
    </p>
   </div>
   <div class='ocr_carea' id='block_1_5' title="bbox 90 3236 1216 4171">
    <p class='ocr_par' dir='ltr' id='par_1_15' title="bbox 109 3236 1202 3427">
     <span class='ocr_line' id='line_1_42' title="bbox 109 3236 1154 3310; baseline -0.007 -15"><span class='ocrx_word' id='word_1_258' title='bbox 109 3297 122 3310; x_wconf 64' lang='grc'><em>,</em></span> <span class='ocrx_word' id='word_1_259' title='bbox 149 3239 450 3295; x_wconf 79' lang='lat' dir='ltr'><strong><em>Ambrosius</em></strong></span> <span class='ocrx_word' id='word_1_260' title='bbox 482 3238 548 3290; x_wconf 88' lang='lat' dir='ltr'><strong><em>de</em></strong></span> <span class='ocrx_word' id='word_1_261' title='bbox 582 3237 766 3305; x_wconf 79' lang='lat' dir='ltr'><strong><em>officiis</em></strong></span> <span class='ocrx_word' id='word_1_262' title='bbox 795 3239 1000 3305; x_wconf 82' lang='lat' dir='ltr'><strong><em>scripsit</em></strong></span> <span class='ocrx_word' id='word_1_263' title='bbox 1029 3236 1070 3288; x_wconf 92' lang='lat'><strong><em>1.</em></strong></span> <span class='ocrx_word' id='word_1_264' title='bbox 1106 3236 1154 3288; x_wconf 86' lang='lat'><strong><em>1.</em></strong></span> 
     </span>
     <span class='ocr_line' id='line_1_43' title="bbox 151 3304 1202 3377; baseline -0.001 -18"><span class='ocrx_word' id='word_1_265' title='bbox 151 3304 565 3359; x_wconf 72' lang='lat' dir='ltr'><strong><em>Ambulare-ruri</em></strong></span> <span class='ocrx_word' id='word_1_266' title='bbox 599 3305 1034 3377; x_wconf 69' lang='lat' dir='ltr'><strong><em>opprobriumFr.</em></strong></span> <span class='ocrx_word' id='word_1_267' title='bbox 1049 3308 1133 3356; x_wconf 87' lang='grc'><strong><em>35.</em></strong></span> <span class='ocrx_word' id='word_1_268' title='bbox 1149 3305 1202 3358; x_wconf 90' lang='lat' dir='ltr'><strong><em>b.</em></strong></span> 
     </span>
     <span class='ocr_line' id='line_1_44' title="bbox 151 3373 675 3427; baseline -0.002 -1"><span class='ocrx_word' id='word_1_269' title='bbox 151 3373 433 3427; x_wconf 69' lang='lat' dir='ltr'><strong><em>Ambustus</em></strong></span> <span class='ocrx_word' id='word_1_270' title='bbox 464 3374 525 3425; x_wconf 95' lang='lat' dir='ltr'><strong><em>F.</em></strong></span> <span class='ocrx_word' id='word_1_271' title='bbox 557 3376 675 3425; x_wconf 86' lang='grc'><strong>250.</strong></span> 
     </span>
    </p>

    <p class='ocr_par' dir='ltr' id='par_1_16' title="bbox 91 3440 1216 3635">
     <span class='ocr_line' id='line_1_45' title="bbox 153 3440 1073 3495; baseline -0.004 -1"><span class='ocrx_word' id='word_1_272' title='bbox 153 3441 403 3495; x_wconf 80' lang='lat' dir='ltr'><strong><em>Amentia</em></strong></span> <span class='ocrx_word' id='word_1_273' title='bbox 435 3441 720 3493; x_wconf 83' lang='lat' dir='ltr'><strong><em>adversaria</em></strong></span> <span class='ocrx_word' id='word_1_274' title='bbox 752 3440 838 3492; x_wconf 88' lang='lat' dir='ltr'><strong><em>Fr.</em></strong></span> <span class='ocrx_word' id='word_1_275' title='bbox 876 3442 990 3492; x_wconf 90' lang='grc'><strong>103.</strong></span> <span class='ocrx_word' id='word_1_276' title='bbox 1024 3455 1073 3491; x_wconf 88' lang='lat' dir='ltr'><strong><em>a.</em></strong></span> 
     </span>
     <span class='ocr_line' id='line_1_46' title="bbox 154 3504 1206 3576; baseline -0.008 -12"><span class='ocrx_word' id='word_1_277' title='bbox 154 3508 428 3564; x_wconf 77' lang='lat' dir='ltr'><strong><em>Amicitiae</em></strong></span> <span class='ocrx_word' id='word_1_278' title='bbox 461 3507 765 3576; x_wconf 83' lang='lat' dir='ltr'><strong><em>periphrasis</em></strong></span> <span class='ocrx_word' id='word_1_279' title='bbox 799 3507 866 3558; x_wconf 89' lang='grc'><strong><em>11.</em></strong></span> <span class='ocrx_word' id='word_1_280' title='bbox 900 3511 984 3558; x_wconf 90' lang='grc'><strong><em>61.</em></strong></span> <span class='ocrx_word' id='word_1_281' title='bbox 1028 3504 1206 3561; x_wconf 78' lang='lat' dir='ltr'><strong><em>amici-</em></strong></span> 
     </span>
     <span class='ocr_line' id='line_1_47' title="bbox 91 3572 1216 3635; baseline -0.006 -4"><span class='ocrx_word' id='word_1_282' title='bbox 91 3577 169 3631; x_wconf 79' lang='lat' dir='ltr'><strong><em>tia</em></strong></span> <span class='ocrx_word' id='word_1_283' title='bbox 202 3593 266 3635; x_wconf 83' lang='lat' dir='ltr'><strong><em>ex</em></strong></span> <span class='ocrx_word' id='word_1_284' title='bbox 302 3576 563 3629; x_wconf 85' lang='lat' dir='ltr'><strong><em>beneficiis</em></strong></span> <span class='ocrx_word' id='word_1_285' title='bbox 597 3572 729 3628; x_wconf 74' lang='lat' dir='ltr'><strong><em>ultro</em></strong></span> <span class='ocrx_word' id='word_1_286' title='bbox 763 3576 892 3627; x_wconf 87' lang='lat' dir='ltr'><strong><em>citro</em></strong></span> <span class='ocrx_word' id='word_1_287' title='bbox 940 3574 1076 3627; x_wconf 84' lang='lat' dir='ltr'><strong><em>datis</em></strong></span> <span class='ocrx_word' id='word_1_288' title='bbox 1112 3586 1216 3625; x_wconf 83' lang='lat' dir='ltr'><strong><em>ac-·</em></strong></span> 
     </span>
    </p>

    <p class='ocr_par' dir='ltr' id='par_1_17' title="bbox 93 3641 1205 3777">
     <span class='ocr_line' id='line_1_48' title="bbox 93 3641 1205 3712; baseline -0.004 -16"><span class='ocrx_word' id='word_1_289' title='bbox 93 3645 257 3712; x_wconf 84' lang='lat' dir='ltr'><strong><em>ceptis</em></strong></span> <span class='ocrx_word' id='word_1_290' title='bbox 287 3644 330 3695; x_wconf 92' lang='grc' dir='ltr'><strong><em>Ι.</em></strong></span> <span class='ocrx_word' id='word_1_291' title='bbox 367 3647 481 3696; x_wconf 88' lang='grc'><strong>135.</strong></span> <span class='ocrx_word' id='word_1_292' title='bbox 531 3643 785 3695; x_wconf 71' lang='lat' dir='ltr'><strong><em>amicitiae</em></strong></span> <span class='ocrx_word' id='word_1_293' title='bbox 817 3642 987 3694; x_wconf 78' lang='lat' dir='ltr'><strong><em>officia</em></strong></span> <span class='ocrx_word' id='word_1_294' title='bbox 1020 3641 1063 3695; x_wconf 90' lang='lat'><strong><em>1.</em></strong></span> <span class='ocrx_word' id='word_1_295' title='bbox 1094 3644 1205 3692; x_wconf 90' lang='grc'><strong>137.</strong></span> 
     </span>
     <span class='ocr_line' id='line_1_49' title="bbox 159 3709 1204 3777; baseline -0.004 -14"><span class='ocrx_word' id='word_1_296' title='bbox 159 3711 417 3777; x_wconf 73' lang='lat' dir='ltr'><strong><em>Amicitia]</em></strong></span> <span class='ocrx_word' id='word_1_297' title='bbox 453 3711 705 3763; x_wconf 81' lang='lat' dir='ltr'><strong><em>amicitiae</em></strong></span> <span class='ocrx_word' id='word_1_298' title='bbox 731 3714 1015 3761; x_wconf 77' lang='lat' dir='ltr'><strong><em>communes</em></strong></span> <span class='ocrx_word' id='word_1_299' title='bbox 1052 3709 1204 3770; x_wconf 73' lang='lat' dir='ltr'><strong><em>leves,</em></strong></span> 
     </span>
    </p>

    <p class='ocr_par' dir='ltr' id='par_1_18' title="bbox 90 3776 1207 3846">
     <span class='ocr_line' id='line_1_50' title="bbox 90 3776 1207 3846; baseline -0.004 -15"><span class='ocrx_word' id='word_1_300' title='bbox 90 3780 341 3846; x_wconf 67' lang='lat' dir='ltr'><strong><em>volgares</em></strong></span> <span class='ocrx_word' id='word_1_301' title='bbox 382 3794 503 3845; x_wconf 89' lang='lat' dir='ltr'><strong><em>opp.</em></strong></span> <span class='ocrx_word' id='word_1_302' title='bbox 538 3776 771 3828; x_wconf 77' lang='lat' dir='ltr'><strong><em>arnicitiis</em></strong></span> <span class='ocrx_word' id='word_1_303' title='bbox 804 3776 1109 3844; x_wconf 71' lang='lat' dir='ltr'><strong><em>sapientium</em></strong></span> <span class='ocrx_word' id='word_1_304' title='bbox 1140 3776 1207 3828; x_wconf 88' lang='lat'><strong><em>11.</em></strong></span> 
     </span>
    </p>

    <p class='ocr_par' dir='ltr' id='par_1_19' title="bbox 91 3845 1208 3909">
     <span class='ocr_line' id='line_1_51' title="bbox 91 3845 1208 3909; baseline -0.002 -10"><span class='ocrx_word' id='word_1_305' title='bbox 91 3851 207 3899; x_wconf 81' lang='grc'><strong>259.</strong></span> <span class='ocrx_word' id='word_1_306' title='bbox 255 3846 572 3899; x_wconf 78' lang='lat' dir='ltr'><strong><em>Quibusnam</em></strong></span> <span class='ocrx_word' id='word_1_307' title='bbox 604 3846 656 3897; x_wconf 90' lang='lat' dir='ltr'><strong><em>in</em></strong></span> <span class='ocrx_word' id='word_1_308' title='bbox 703 3845 1057 3896; x_wconf 73' lang='lat' dir='ltr'><strong><em>amicitiis</em></strong></span> <span class='ocrx_word' id='word_1_309' title='bbox 1088 3858 1208 3909; x_wconf 75' lang='lat' dir='ltr'><strong><em>per·</em></strong></span> 
     </span>
    </p>

    <p class='ocr_par' dir='ltr' id='par_1_20' title="bbox 93 3909 1210 3980">
     <span class='ocr_line' id='line_1_52' title="bbox 93 3909 1210 3980; baseline -0.002 -15"><span class='ocrx_word' id='word_1_310' title='bbox 93 3914 363 3966; x_wconf 69' lang='lat' dir='ltr'><strong><em>turbentur</em></strong></span> <span class='ocrx_word' id='word_1_311' title='bbox 416 3909 635 3980; x_wconf 77' lang='lat' dir='ltr'><strong><em>officia?</em></strong></span> <span class='ocrx_word' id='word_1_312' title='bbox 687 3913 757 3967; x_wconf 86' lang='grc' dir='ltr'><strong><em>Π.</em></strong></span> <span class='ocrx_word' id='word_1_313' title='bbox 808 3914 924 3965; x_wconf 85' lang='grc'><strong>255.</strong></span> <span class='ocrx_word' id='word_1_314' title='bbox 990 3911 1210 3963; x_wconf 85' lang='lat' dir='ltr'><strong><em>amicitia</em></strong></span> 
     </span>
    </p>

    <p class='ocr_par' dir='ltr' id='par_1_21' title="bbox 92 3978 1211 4171">
     <span class='ocr_line' id='line_1_53' title="bbox 92 3978 1211 4047; baseline -0.004 -11"><span class='ocrx_word' id='word_1_315' title='bbox 92 3996 352 4047; x_wconf 86' lang='lat' dir='ltr'><strong><em>nunquam</em></strong></span> <span class='ocrx_word' id='word_1_316' title='bbox 399 3981 493 4033; x_wconf 86' lang='lat' dir='ltr'><strong><em>iuri</em></strong></span> <span class='ocrx_word' id='word_1_317' title='bbox 543 3978 754 4033; x_wconf 86' lang='lat' dir='ltr'><strong><em>iurando</em></strong></span> <span class='ocrx_word' id='word_1_318' title='bbox 800 3995 864 4031; x_wconf 88' lang='lat' dir='ltr'><strong><em>ac</em></strong></span> <span class='ocrx_word' id='word_1_319' title='bbox 911 3979 1030 4031; x_wconf 85' lang='lat' dir='ltr'><strong><em>fidei</em></strong></span> <span class='ocrx_word' id='word_1_320' title='bbox 1062 3984 1211 4031; x_wconf 86' lang='lat' dir='ltr'><strong><em>ante-</em></strong></span> 
     </span>
     <span class='ocr_line' id='line_1_54' title="bbox 125 4047 1211 4114; baseline -0.005 -12"><span class='ocrx_word' id='word_1_321' title='bbox 125 4048 333 4102; x_wconf 81' lang='lat' dir='ltr'><strong><em>onenda</em></strong></span> <span class='ocrx_word' id='word_1_322' title='bbox 358 4049 445 4103; x_wconf 85' lang='grc'><strong>,11.</strong></span> <span class='ocrx_word' id='word_1_323' title='bbox 493 4051 611 4100; x_wconf 76' lang='grc'><strong>255.</strong></span> <span class='ocrx_word' id='word_1_324' title='bbox 658 4047 903 4114; x_wconf 76' lang='lat' dir='ltr'><strong><em>improbis</em></strong></span> <span class='ocrx_word' id='word_1_325' title='bbox 951 4047 1089 4099; x_wconf 88' lang='lat' dir='ltr'><strong><em>nulla</em></strong></span> <span class='ocrx_word' id='word_1_326' title='bbox 1132 4051 1211 4098; x_wconf 89' lang='lat' dir='ltr'><strong><em>est</em></strong></span> 
     </span>
     <span class='ocr_line' id='line_1_55' title="bbox 148 4112 1210 4171; baseline 0 -4"><span class='ocrx_word' id='word_1_327' title='bbox 148 4155 162 4167; x_wconf 94' lang='lat'><strong><em>.</em></strong></span> <span class='ocrx_word' id='word_1_328' title='bbox 210 4118 334 4169; x_wconf 87' lang='grc'><strong>258.</strong></span> <span class='ocrx_word' id='word_1_329' title='bbox 409 4114 636 4167; x_wconf 71' lang='grc' dir='ltr'><strong><em>σωίοἰίία</em></strong></span> <span class='ocrx_word' id='word_1_330' title='bbox 693 4117 808 4171; x_wconf 82' lang='lat' dir='ltr'><strong><em>volu</em></strong></span> <span class='ocrx_word' id='word_1_331' title='bbox 844 4114 1089 4166; x_wconf 87' lang='lat' dir='ltr'><strong><em>tariorum</em></strong></span> <span class='ocrx_word' id='word_1_332' title='bbox 1139 4112 1210 4167; x_wconf 86' lang='lat'><strong><em>11.</em></strong></span> 
     </span>
    </p>
   </div>
   <div class='ocr_carea' id='block_1_6' title="bbox 95 4160 1334 4250">
    <p class='ocr_par' dir='ltr' id='par_1_22' title="bbox 95 4160 1334 4250">
     <span class='ocr_line' id='line_1_56' title="bbox 95 4160 1334 4250; baseline -0.004 -13"><span class='ocrx_word' id='word_1_333' title='bbox 95 4187 214 4237; x_wconf 72' lang='grc'><strong>412.</strong></span> <span class='ocrx_word' id='word_1_334' title='bbox 244 4183 502 4238; x_wconf 81' lang='lat' dir='ltr'><strong><em>amicitias</em></strong></span> <span class='ocrx_word' id='word_1_335' title='bbox 534 4184 695 4250; x_wconf 78' lang='lat' dir='ltr'><strong><em>iungit</em></strong></span> <span class='ocrx_word' id='word_1_336' title='bbox 714 4182 990 4241; x_wconf 72' lang='lat' dir='ltr'><strong><em>similitudo</em></strong></span> <span class='ocrx_word' id='word_1_337' title='bbox 1015 4194 1213 4233; x_wconf 76' lang='lat' dir='ltr'><strong><em>morum</em></strong></span> <span class='ocrx_word' id='word_1_338' title='bbox 1292 4160 1334 4214; x_wconf 89' lang='grc' dir='ltr'><strong><em>Ῑ·</em></strong></span> 
     </span>
    </p>
   </div>
   <div class='ocr_carea' id='block_1_7' title="bbox 34 4246 1217 4371">
    <p class='ocr_par' dir='ltr' id='par_1_23' title="bbox 34 4246 1217 4371">
     <span class='ocr_line' id='line_1_57' title="bbox 98 4246 1217 4303; baseline -0.002 0"><span class='ocrx_word' id='word_1_339' title='bbox 98 4249 143 4303; x_wconf 91' lang='lat' dir='ltr'><strong><em>l.</em></strong></span> <span class='ocrx_word' id='word_1_340' title='bbox 180 4254 302 4303; x_wconf 83' lang='grc'><strong>132.</strong></span> <span class='ocrx_word' id='word_1_341' title='bbox 348 4250 605 4303; x_wconf 74' lang='lat' dir='ltr'><strong><em>amicitiae</em></strong></span> <span class='ocrx_word' id='word_1_342' title='bbox 633 4251 774 4303; x_wconf 85' lang='lat' dir='ltr'><strong><em>notio</em></strong></span> <span class='ocrx_word' id='word_1_343' title='bbox 806 4250 1051 4303; x_wconf 75' lang='lat' dir='ltr'>1.1aa.s.</span> <span class='ocrx_word' id='word_1_344' title='bbox 1085 4246 1217 4301; x_wconf 71' lang='lat' dir='ltr'><strong><em>ani-</em></strong></span> 
     </span>
     <span class='ocr_line' id='line_1_58' title="bbox 34 4316 1016 4371; baseline -0.001 -2"><span class='ocrx_word' id='word_1_345' title='bbox 34 4346 35 4359; x_wconf 57' lang='lat'>2</span> <span class='ocrx_word' id='word_1_346' title='bbox 103 4334 279 4371; x_wconf 68' lang='lat' dir='ltr'><strong><em>conat</em></strong></span> <span class='ocrx_word' id='word_1_347' title='bbox 310 4317 597 4371; x_wconf 67' lang='lat' dir='ltr'><strong><em>cuna-nia</em></strong></span> <span class='ocrx_word' id='word_1_348' title='bbox 626 4316 796 4371; x_wconf 67' lang='lat' dir='ltr'><strong><em>onnia</em></strong></span> <span class='ocrx_word' id='word_1_349' title='bbox 826 4317 867 4370; x_wconf 90' lang='lat'><strong><em>1.</em></strong></span> <span class='ocrx_word' id='word_1_350' title='bbox 900 4319 1016 4370; x_wconf 82' lang='grc'><strong>124.</strong></span> 
     </span>
    </p>
   </div>
   <div class='ocr_carea' id='block_1_8' title="bbox 1235 483 1258 4378">
    <p class='ocr_par' dir='ltr' id='par_1_24' title="bbox 1235 483 1258 4378">
     <span class='ocr_line' id='line_1_59' title="bbox 1235 483 1258 4378; baseline 0 0"><span class='ocrx_word' id='word_1_351' title='bbox 1235 483 1258 4378; x_wconf 95' lang='lat' dir='ltr'><strong><em> </em></strong></span> 
     </span>
    </p>
   </div>
   <div class='ocr_carea' id='block_1_9' title="bbox 2278 315 2403 393">
    <p class='ocr_par' dir='ltr' id='par_1_25' title="bbox 2278 315 2403 393">
     <span class='ocr_line' id='line_1_60' title="bbox 2278 315 2403 393; baseline 0.016 -2"><span class='ocrx_word' id='word_1_352' title='bbox 2278 315 2403 393; x_wconf 66' lang='lat'><strong><em>&#39;1⁸</em></strong></span> 
     </span>
    </p>
   </div>
   <div class='ocr_carea' id='block_1_10' title="bbox 1282 474 2462 1485">
    <p class='ocr_par' dir='ltr' id='par_1_26' title="bbox 1282 474 2400 597">
     <span class='ocr_line' id='line_1_61' title="bbox 1282 474 2400 597; baseline 0.005 -70"><span class='ocrx_word' id='word_1_353' title='bbox 1282 546 1299 597; x_wconf 67' lang='grc' dir='ltr'>Ι</span> <span class='ocrx_word' id='word_1_354' title='bbox 1350 476 1542 596; x_wconf 72' lang='lat' dir='ltr'><strong><em>Anmim</em></strong></span> <span class='ocrx_word' id='word_1_355' title='bbox 1532 475 1574 528; x_wconf 84' lang='lat' dir='ltr'><strong><em>&#39;o</em></strong></span> <span class='ocrx_word' id='word_1_356' title='bbox 1607 474 1881 530; x_wconf 63' lang='lat' dir='ltr'><strong><em>athicomn</em></strong></span> <span class='ocrx_word' id='word_1_357' title='bbox 1911 477 2107 534; x_wconf 74' lang='lat' dir='ltr'><strong><em>stoicis</em></strong></span> <span class='ocrx_word' id='word_1_358' title='bbox 2136 494 2241 533; x_wconf 89' lang='lat' dir='ltr'><strong><em>non</em></strong></span> <span class='ocrx_word' id='word_1_359' title='bbox 2271 480 2400 533; x_wconf 83' lang='lat' dir='ltr'><strong><em>vita-</em></strong></span> 
     </span>
     <span class='ocr_line' id='line_1_62' title="bbox 1303 543 1596 596; baseline -0.007 0"><span class='ocrx_word' id='word_1_360' title='bbox 1303 543 1346 596; x_wconf 67' lang='lat' dir='ltr'><strong><em>is</em></strong></span> <span class='ocrx_word' id='word_1_361' title='bbox 1429 582 1442 594; x_wconf 93' lang='lat'><strong><em>.</em></strong></span> <span class='ocrx_word' id='word_1_362' title='bbox 1475 548 1596 595; x_wconf 81' lang='grc'><strong>225.</strong></span> 
     </span>
    </p>

    <p class='ocr_par' dir='ltr' id='par_1_27' title="bbox 1351 611 2462 670">
     <span class='ocr_line' id='line_1_63' title="bbox 1351 611 2462 670; baseline 0.003 -9"><span class='ocrx_word' id='word_1_363' title='bbox 1351 611 1601 663; x_wconf 84' lang='lat' dir='ltr'><strong><em>Amittere</em></strong></span> <span class='ocrx_word' id='word_1_364' title='bbox 1634 619 2007 670; x_wconf 71' lang='lat' dir='ltr'><strong><em>sacrmentum</em></strong></span> <span class='ocrx_word' id='word_1_365' title='bbox 2038 612 2079 664; x_wconf 92' lang='grc' dir='ltr'><strong><em>Ι.</em></strong></span> <span class='ocrx_word' id='word_1_366' title='bbox 2114 617 2198 664; x_wconf 88' lang='grc'><strong><em>86.</em></strong></span> <span class='ocrx_word' id='word_1_367' title='bbox 2455 655 2462 664; x_wconf 91' lang='grc'><strong><em>.</em></strong></span> 
     </span>
    </p>

    <p class='ocr_par' dir='ltr' id='par_1_28' title="bbox 1282 679 2399 931">
     <span class='ocr_line' id='line_1_64' title="bbox 1351 679 2399 745; baseline 0.007 -16"><span class='ocrx_word' id='word_1_368' title='bbox 1351 680 1706 745; x_wconf 79' lang='lat' dir='ltr'><strong><em>Amplificatio‚</em></strong></span> <span class='ocrx_word' id='word_1_369' title='bbox 1760 679 1945 732; x_wconf 86' lang='lat' dir='ltr'><strong><em>iterato</em></strong></span> <span class='ocrx_word' id='word_1_370' title='bbox 2007 681 2194 733; x_wconf 87' lang='lat' dir='ltr'><strong><em>eodem</em></strong></span> <span class='ocrx_word' id='word_1_371' title='bbox 2232 684 2399 736; x_wconf 78' lang='lat' dir='ltr'><strong><em>‘verbo</em></strong></span> 
     </span>
     <span class='ocr_line' id='line_1_65' title="bbox 1285 746 1940 811; baseline -0.002 -12"><span class='ocrx_word' id='word_1_372' title='bbox 1285 761 1400 799; x_wconf 86' lang='lat' dir='ltr'><strong><em>cum</em></strong></span> <span class='ocrx_word' id='word_1_373' title='bbox 1437 748 1622 811; x_wconf 85' lang='lat' dir='ltr'><strong><em>copula</em></strong></span> <span class='ocrx_word' id='word_1_374' title='bbox 1654 746 1740 797; x_wconf 93' lang='lat' dir='ltr'><strong><em>Fr.</em></strong></span> <span class='ocrx_word' id='word_1_375' title='bbox 1774 749 1858 798; x_wconf 88' lang='lat'><strong><em>41.</em></strong></span> <span class='ocrx_word' id='word_1_376' title='bbox 1893 763 1940 798; x_wconf 85' lang='lat' dir='ltr'><strong><em>a.</em></strong></span> 
     </span>
     <span class='ocr_line' id='line_1_66' title="bbox 1282 812 2399 931; baseline 0.005 -67"><span class='ocrx_word' id='word_1_377' title='bbox 1282 879 1333 931; x_wconf 75' lang='grc' dir='ltr'><strong><em>Π</em></strong></span> <span class='ocrx_word' id='word_1_378' title='bbox 1349 812 1650 879; x_wconf 70' lang='grc' dir='ltr'><strong><em>Απῳιιίαῐίο</em></strong></span> <span class='ocrx_word' id='word_1_379' title='bbox 1675 815 2023 866; x_wconf 82' lang='lat' dir='ltr'><strong><em>membrorum</em></strong></span> <span class='ocrx_word' id='word_1_380' title='bbox 2055 820 2399 870; x_wconf 86' lang='lat' dir='ltr'><strong><em>emortuorum</em></strong></span> 
     </span>
    </p>

    <p class='ocr_par' dir='ltr' id='par_1_29' title="bbox 1283 946 2419 1485">
     <span class='ocr_line' id='line_1_67' title="bbox 1350 946 2401 1016; baseline 0.008 -19"><span class='ocrx_word' id='word_1_381' title='bbox 1350 948 1437 997; x_wconf 82' lang='lat' dir='ltr'><strong><em>An</em></strong></span> <span class='ocrx_word' id='word_1_382' title='bbox 1454 948 1722 1000; x_wconf 86' lang='lat' dir='ltr'><strong><em>obliterata</em></strong></span> <span class='ocrx_word' id='word_1_383' title='bbox 1748 953 1868 999; x_wconf 83' lang='lat' dir='ltr'><strong><em>ante</em></strong></span> <span class='ocrx_word' id='word_1_384' title='bbox 1892 946 1950 998; x_wconf 83' lang='lat' dir='ltr'><strong><em>in</em></strong></span> <span class='ocrx_word' id='word_1_385' title='bbox 1975 948 2039 999; x_wconf 85' lang='lat'>11.</span> <span class='ocrx_word' id='word_1_386' title='bbox 2055 951 2168 1000; x_wconf 85' lang='grc'><strong>338.</strong></span> <span class='ocrx_word' id='word_1_387' title='bbox 2189 965 2261 1001; x_wconf 77' lang='grc' dir='ltr'><strong><em>απ</em></strong></span> <span class='ocrx_word' id='word_1_388' title='bbox 2283 957 2401 1016; x_wconf 85' lang='lat' dir='ltr'><strong><em>post</em></strong></span> 
     </span>
     <span class='ocr_line' id='line_1_68' title="bbox 1283 1014 2403 1068; baseline 0.004 -4"><span class='ocrx_word' id='word_1_389' title='bbox 1283 1030 1327 1065; x_wconf 84' lang='lat' dir='ltr'><strong><em>v.</em></strong></span> <span class='ocrx_word' id='word_1_390' title='bbox 1362 1014 1634 1066; x_wconf 83' lang='lat' dir='ltr'><strong><em>dubitandi</em></strong></span> <span class='ocrx_word' id='word_1_391' title='bbox 1663 1016 1882 1066; x_wconf 79' lang='lat' dir='ltr'><strong><em>affirmat</em></strong></span> <span class='ocrx_word' id='word_1_392' title='bbox 1913 1016 1986 1067; x_wconf 77' lang='grc'><strong><em>11.</em></strong></span> <span class='ocrx_word' id='word_1_393' title='bbox 2023 1020 2136 1067; x_wconf 88' lang='grc'><strong>270.</strong></span> <span class='ocrx_word' id='word_1_394' title='bbox 2156 1033 2194 1067; x_wconf 83' lang='lat' dir='ltr'>s.</span> <span class='ocrx_word' id='word_1_395' title='bbox 2231 1034 2302 1068; x_wconf 80' lang='lat' dir='ltr'><strong><em>an</em></strong></span> <span class='ocrx_word' id='word_1_396' title='bbox 2332 1044 2403 1059; x_wconf 86' lang='lat'><strong><em>·-</em></strong></span> 
     </span>
     <span class='ocr_line' id='line_1_69' title="bbox 1284 1082 2419 1151; baseline 0.005 -19"><span class='ocrx_word' id='word_1_397' title='bbox 1284 1099 1355 1132; x_wconf 82' lang='lat' dir='ltr'><strong><em>an</em></strong></span> <span class='ocrx_word' id='word_1_398' title='bbox 1387 1083 1441 1133; x_wconf 90' lang='lat' dir='ltr'><strong><em>in</em></strong></span> <span class='ocrx_word' id='word_1_399' title='bbox 1475 1082 1661 1148; x_wconf 76' lang='lat' dir='ltr'><strong><em>duplici</em></strong></span> <span class='ocrx_word' id='word_1_400' title='bbox 1709 1084 2125 1151; x_wconf 76' lang='lat' dir='ltr'><strong><em>interrogationis</em></strong></span> <span class='ocrx_word' id='word_1_401' title='bbox 2171 1087 2419 1138; x_wconf 86' lang='lat' dir='ltr'><strong><em>membro&#39;</em></strong></span> 
     </span>
     <span class='ocr_line' id='line_1_70' title="bbox 1284 1148 2401 1216; baseline 0.006 -17"><span class='ocrx_word' id='word_1_402' title='bbox 1284 1148 1354 1199; x_wconf 94' lang='lat' dir='ltr'><strong><em>lI.</em></strong></span> <span class='ocrx_word' id='word_1_403' title='bbox 1387 1153 1508 1201; x_wconf 89' lang='grc'><strong>271.</strong></span> <span class='ocrx_word' id='word_1_404' title='bbox 1547 1166 1617 1199; x_wconf 83' lang='lat' dir='ltr'><strong><em>an</em></strong></span> <span class='ocrx_word' id='word_1_405' title='bbox 1650 1156 1770 1216; x_wconf 82' lang='lat' dir='ltr'><strong><em>post</em></strong></span> <span class='ocrx_word' id='word_1_406' title='bbox 1802 1148 2001 1211; x_wconf 64' lang='lat' dir='ltr'><strong><em>nescio,</em></strong></span> <span class='ocrx_word' id='word_1_407' title='bbox 2047 1148 2187 1201; x_wconf 77' lang='lat' dir='ltr'><strong><em>hand</em></strong></span> <span class='ocrx_word' id='word_1_408' title='bbox 2221 1151 2325 1203; x_wconf 78' lang='lat' dir='ltr'><strong><em>ecio</em></strong></span> <span class='ocrx_word' id='word_1_409' title='bbox 2356 1153 2401 1205; x_wconf 90' lang='lat' dir='ltr'><strong><em>l.</em></strong></span> 
     </span>
     <span class='ocr_line' id='line_1_71' title="bbox 1284 1214 2407 1285; baseline 0.006 -18"><span class='ocrx_word' id='word_1_410' title='bbox 1284 1220 1366 1267; x_wconf 85' lang='grc'><strong><em>79.</em></strong></span> <span class='ocrx_word' id='word_1_411' title='bbox 1417 1233 1488 1266; x_wconf 79' lang='lat' dir='ltr'><strong><em>aa</em></strong></span> <span class='ocrx_word' id='word_1_412' title='bbox 1529 1231 1650 1268; x_wconf 85' lang='lat' dir='ltr'><strong><em>num</em></strong></span> <span class='ocrx_word' id='word_1_413' title='bbox 1692 1232 1786 1283; x_wconf 86' lang='lat' dir='ltr'><strong><em>pro</em></strong></span> <span class='ocrx_word' id='word_1_414' title='bbox 1833 1214 2057 1267; x_wconf 75' lang='lat' dir='ltr'><strong><em>annon?</em></strong></span> <span class='ocrx_word' id='word_1_415' title='bbox 2102 1219 2138 1269; x_wconf 90' lang='lat' dir='ltr'><strong><em>l.</em></strong></span> <span class='ocrx_word' id='word_1_416' title='bbox 2189 1221 2302 1270; x_wconf 91' lang='grc'><strong>116.</strong></span> <span class='ocrx_word' id='word_1_417' title='bbox 2319 1235 2407 1285; x_wconf 71' lang='lat' dir='ltr'><strong><em>sqe</em></strong></span> 
     </span>
     <span class='ocr_line' id='line_1_72' title="bbox 1286 1283 2401 1349; baseline 0.004 -16"><span class='ocrx_word' id='word_1_418' title='bbox 1286 1297 1358 1333; x_wconf 73' lang='lat' dir='ltr'><strong><em>aa</em></strong></span> <span class='ocrx_word' id='word_1_419' title='bbox 1391 1284 1671 1349; x_wconf 74' lang='lat' dir='ltr'><strong><em>particulae</em></strong></span> <span class='ocrx_word' id='word_1_420' title='bbox 1700 1285 1772 1334; x_wconf 83' lang='lat' dir='ltr'><strong><em>vis</em></strong></span> <span class='ocrx_word' id='word_1_421' title='bbox 1803 1290 1859 1334; x_wconf 82' lang='lat' dir='ltr'><strong><em>et</em></strong></span> <span class='ocrx_word' id='word_1_422' title='bbox 1879 1297 2004 1335; x_wconf 79' lang='lat' dir='ltr'><strong><em>usus</em></strong></span> <span class='ocrx_word' id='word_1_423' title='bbox 2031 1283 2073 1335; x_wconf 91' lang='lat'><strong><em>1.</em></strong></span> <span class='ocrx_word' id='word_1_424' title='bbox 2092 1287 2401 1340; x_wconf 77' lang='lat'>335—339.</span> 
     </span>
     <span class='ocr_line' id='line_1_73' title="bbox 1285 1350 2400 1405; baseline 0.004 -4"><span class='ocrx_word' id='word_1_425' title='bbox 1285 1365 1357 1401; x_wconf 73' lang='lat' dir='ltr'><strong><em>an</em></strong></span> <span class='ocrx_word' id='word_1_426' title='bbox 1391 1357 1445 1403; x_wconf 90' lang='lat' dir='ltr'><strong><em>et</em></strong></span> <span class='ocrx_word' id='word_1_427' title='bbox 1469 1350 1526 1400; x_wconf 86' lang='lat' dir='ltr'><strong><em>in</em></strong></span> <span class='ocrx_word' id='word_1_428' title='bbox 1558 1351 1695 1403; x_wconf 81' lang='lat' dir='ltr'><strong><em>conf.</em></strong></span> <span class='ocrx_word' id='word_1_429' title='bbox 1730 1351 1770 1402; x_wconf 93' lang='lat' dir='ltr'><strong><em>l.</em></strong></span> <span class='ocrx_word' id='word_1_430' title='bbox 1809 1351 1926 1402; x_wconf 83' lang='grc'><strong>337.</strong></span> <span class='ocrx_word' id='word_1_431' title='bbox 1962 1367 2100 1402; x_wconf 81' lang='lat' dir='ltr'><strong><em>anne</em></strong></span> <span class='ocrx_word' id='word_1_432' title='bbox 2131 1356 2247 1403; x_wconf 88' lang='grc'><strong>336.</strong></span> <span class='ocrx_word' id='word_1_433' title='bbox 2282 1357 2400 1405; x_wconf 84' lang='grc'><strong>339.</strong></span> 
     </span>
     <span class='ocr_line' id='line_1_74' title="bbox 1286 1419 2402 1485; baseline 0.003 -17"><span class='ocrx_word' id='word_1_434' title='bbox 1286 1434 1358 1468; x_wconf 80' lang='grc' dir='ltr'><strong><em>απ</em></strong></span> <span class='ocrx_word' id='word_1_435' title='bbox 1421 1419 1697 1483; x_wconf 75' lang='lat' dir='ltr'><strong><em>respondet</em></strong></span> <span class='ocrx_word' id='word_1_436' title='bbox 1762 1419 2090 1484; x_wconf 88' lang='lat' dir='ltr'><strong><em>praecedenti</em></strong></span> <span class='ocrx_word' id='word_1_437' title='bbox 2153 1419 2402 1485; x_wconf 67' lang='lat' dir='ltr'><strong><em>numqnsscid</em></strong></span> 
     </span>
    </p>
   </div>
   <div class='ocr_carea' id='block_1_11' title="bbox 1287 1485 2482 1552">
    <p class='ocr_par' dir='ltr' id='par_1_30' title="bbox 1287 1485 2482 1552">
     <span class='ocr_line' id='line_1_75' title="bbox 1287 1485 2482 1552; baseline 0.005 -17"><span class='ocrx_word' id='word_1_438' title='bbox 1287 1485 1324 1536; x_wconf 92' lang='lat'><strong><em>1.</em></strong></span> <span class='ocrx_word' id='word_1_439' title='bbox 1361 1488 1475 1536; x_wconf 91' lang='grc'><strong>117.</strong></span> <span class='ocrx_word' id='word_1_440' title='bbox 1506 1486 1557 1536; x_wconf 89' lang='lat' dir='ltr'><strong><em>in</em></strong></span> <span class='ocrx_word' id='word_1_441' title='bbox 1607 1486 1975 1538; x_wconf 84' lang='lat' dir='ltr'><strong><em>contrariorum</em></strong></span> <span class='ocrx_word' id='word_1_442' title='bbox 2019 1488 2403 1552; x_wconf 86' lang='lat' dir='ltr'><strong><em>comparatione</em></strong></span> <span class='ocrx_word' id='word_1_443' title='bbox 2477 1527 2482 1532; x_wconf 82' lang='grc'><strong>-</strong></span> 
     </span>
    </p>
   </div>
   <div class='ocr_carea' id='block_1_12' title="bbox 1284 1552 2458 2830">
    <p class='ocr_par' dir='ltr' id='par_1_31' title="bbox 1286 1552 2196 1614">
     <span class='ocr_line' id='line_1_76' title="bbox 1286 1552 2196 1614; baseline 0 -10"><span class='ocrx_word' id='word_1_444' title='bbox 1286 1552 1351 1604; x_wconf 89' lang='lat' dir='ltr'><strong><em>ad</em></strong></span> <span class='ocrx_word' id='word_1_445' title='bbox 1385 1552 1661 1604; x_wconf 87' lang='lat' dir='ltr'><strong><em>absurdum</em></strong></span> <span class='ocrx_word' id='word_1_446' title='bbox 1697 1553 1837 1604; x_wconf 86' lang='lat' dir='ltr'><strong><em>ducit</em></strong></span> <span class='ocrx_word' id='word_1_447' title='bbox 1867 1553 1913 1605; x_wconf 88' lang='lat'><strong><em>1.</em></strong></span> <span class='ocrx_word' id='word_1_448' title='bbox 1952 1557 2065 1605; x_wconf 91' lang='grc'><strong>117.</strong></span> <span class='ocrx_word' id='word_1_449' title='bbox 2193 1605 2196 1614; x_wconf 79' lang='grc'>,</span> 
     </span>
    </p>

    <p class='ocr_par' dir='ltr' id='par_1_32' title="bbox 1286 1612 2401 1753">
     <span class='ocr_line' id='line_1_77' title="bbox 1347 1612 2401 1686; baseline 0.004 -18"><span class='ocrx_word' id='word_1_450' title='bbox 1347 1612 1885 1684; x_wconf 78' lang='grc' dir='ltr'><strong><em>Ἀνακεφαλαιώσεις</em></strong></span> <span class='ocrx_word' id='word_1_451' title='bbox 1930 1637 2009 1686; x_wconf 90' lang='lat' dir='ltr'><strong><em>ap.</em></strong></span> <span class='ocrx_word' id='word_1_452' title='bbox 2046 1621 2155 1673; x_wconf 88' lang='lat' dir='ltr'><strong><em>Cic.</em></strong></span> <span class='ocrx_word' id='word_1_453' title='bbox 2202 1621 2246 1672; x_wconf 89' lang='lat'><strong><em>1.</em></strong></span> <span class='ocrx_word' id='word_1_454' title='bbox 2282 1624 2401 1673; x_wconf 82' lang='grc'><strong>283.</strong></span> 
     </span>
     <span class='ocr_line' id='line_1_78' title="bbox 1286 1679 2276 1753; baseline 0.003 -17"><span class='ocrx_word' id='word_1_455' title='bbox 1286 1679 1812 1753; x_wconf 77' lang='grc' dir='ltr'><em>ἄνακεφαλαιώσεως</em></span> <span class='ocrx_word' id='word_1_456' title='bbox 1844 1688 2061 1753; x_wconf 82' lang='lat' dir='ltr'><strong><em>exempl.</em></strong></span> <span class='ocrx_word' id='word_1_457' title='bbox 2095 1685 2160 1739; x_wconf 85' lang='lat'><strong><em>11.</em></strong></span> <span class='ocrx_word' id='word_1_458' title='bbox 2195 1693 2276 1739; x_wconf 89' lang='grc'><strong><em>68.</em></strong></span> 
     </span>
    </p>

    <p class='ocr_par' dir='ltr' id='par_1_33' title="bbox 1284 1753 2458 2478">
     <span class='ocr_line' id='line_1_79' title="bbox 1353 1753 2458 1818; baseline 0.002 -12"><span class='ocrx_word' id='word_1_459' title='bbox 1353 1753 1689 1806; x_wconf 82' lang='lat' dir='ltr'><strong><em>Anacoluthia</em></strong></span> <span class='ocrx_word' id='word_1_460' title='bbox 1732 1755 1773 1805; x_wconf 92' lang='lat'><strong><em>1.</em></strong></span> <span class='ocrx_word' id='word_1_461' title='bbox 1818 1757 1935 1804; x_wconf 87' lang='grc'><strong>285.</strong></span> <span class='ocrx_word' id='word_1_462' title='bbox 1979 1755 2069 1816; x_wconf 74' lang='grc'><strong>,11.</strong></span> <span class='ocrx_word' id='word_1_463' title='bbox 2121 1759 2233 1806; x_wconf 90' lang='grc'><strong>167.</strong></span> <span class='ocrx_word' id='word_1_464' title='bbox 2286 1759 2403 1808; x_wconf 86' lang='grc'><strong>259.</strong></span> <span class='ocrx_word' id='word_1_465' title='bbox 2453 1812 2458 1818; x_wconf 59' lang='grc'>,</span> 
     </span>
     <span class='ocr_line' id='line_1_80' title="bbox 1284 1821 2405 1876; baseline 0 -4"><span class='ocrx_word' id='word_1_466' title='bbox 1284 1821 1637 1876; x_wconf 80' lang='lat' dir='ltr'><strong><em>anacoluthiae</em></strong></span> <span class='ocrx_word' id='word_1_467' title='bbox 1686 1837 1875 1874; x_wconf 79' lang='lat' dir='ltr'><strong><em>causae</em></strong></span> <span class='ocrx_word' id='word_1_468' title='bbox 1911 1821 1976 1872; x_wconf 92' lang='lat'><strong><em>11.</em></strong></span> <span class='ocrx_word' id='word_1_469' title='bbox 2011 1824 2092 1872; x_wconf 87' lang='grc'><strong><em>38.</em></strong></span> <span class='ocrx_word' id='word_1_470' title='bbox 2159 1824 2405 1874; x_wconf 82' lang='lat' dir='ltr'><strong><em>anacolu-</em></strong></span> 
     </span>
     <span class='ocr_line' id='line_1_81' title="bbox 1285 1888 2405 1954; baseline 0.001 -15"><span class='ocrx_word' id='word_1_471' title='bbox 1285 1889 1407 1950; x_wconf 85' lang='lat' dir='ltr'><strong><em>thia‚</em></strong></span> <span class='ocrx_word' id='word_1_472' title='bbox 1443 1904 1546 1953; x_wconf 78' lang='lat' dir='ltr'><strong><em>qua</em></strong></span> <span class='ocrx_word' id='word_1_473' title='bbox 1578 1894 1700 1954; x_wconf 85' lang='lat' dir='ltr'><strong><em>post</em></strong></span> <span class='ocrx_word' id='word_1_474' title='bbox 1724 1889 1923 1954; x_wconf 69' lang='lat' dir='ltr'><strong><em>quidem</em></strong></span> <span class='ocrx_word' id='word_1_475' title='bbox 1942 1903 2042 1940; x_wconf 91' lang='lat' dir='ltr'><strong><em>non</em></strong></span> <span class='ocrx_word' id='word_1_476' title='bbox 2066 1891 2290 1954; x_wconf 82' lang='lat' dir='ltr'><strong><em>seqnitur</em></strong></span> <span class='ocrx_word' id='word_1_477' title='bbox 2312 1888 2405 1940; x_wconf 78' lang='lat' dir='ltr'><strong><em>sed</em></strong></span> 
     </span>
     <span class='ocr_line' id='line_1_82' title="bbox 1286 1955 2405 2022; baseline -0.002 -13"><span class='ocrx_word' id='word_1_478' title='bbox 1286 1958 1324 2009; x_wconf 82' lang='grc' dir='ltr'><strong><em>Ι.</em></strong></span> <span class='ocrx_word' id='word_1_479' title='bbox 1361 1960 1477 2007; x_wconf 90' lang='grc'><strong>213.</strong></span> <span class='ocrx_word' id='word_1_480' title='bbox 1529 1955 1852 2008; x_wconf 83' lang='lat' dir='ltr'><strong><em>anacoluthia</em></strong></span> <span class='ocrx_word' id='word_1_481' title='bbox 1885 1957 2098 2022; x_wconf 75' lang='lat' dir='ltr'><strong><em>propter</em></strong></span> <span class='ocrx_word' id='word_1_482' title='bbox 2134 1955 2405 2021; x_wconf 82' lang='lat' dir='ltr'><strong><em>parenthe-</em></strong></span> 
     </span>
     <span class='ocr_line' id='line_1_83' title="bbox 1286 2021 2408 2089; baseline 0.001 -14"><span class='ocrx_word' id='word_1_483' title='bbox 1286 2026 1362 2076; x_wconf 82' lang='lat' dir='ltr'><strong><em>sin</em></strong></span> <span class='ocrx_word' id='word_1_484' title='bbox 1401 2024 1469 2074; x_wconf 93' lang='lat' dir='ltr'><strong><em>ll.</em></strong></span> <span class='ocrx_word' id='word_1_485' title='bbox 1489 2027 1601 2075; x_wconf 87' lang='grc'><strong>365.</strong></span> <span class='ocrx_word' id='word_1_486' title='bbox 1637 2021 1956 2075; x_wconf 80' lang='lat' dir='ltr'><strong><em>anacoluthia</em></strong></span> <span class='ocrx_word' id='word_1_487' title='bbox 1990 2026 2039 2074; x_wconf 89' lang='lat' dir='ltr'><strong><em>in</em></strong></span> <span class='ocrx_word' id='word_1_488' title='bbox 2074 2025 2408 2089; x_wconf 80' lang='lat' dir='ltr'><strong><em>responsione</em></strong></span> 
     </span>
     <span class='ocr_line' id='line_1_84' title="bbox 1286 2090 2402 2158; baseline -0.001 -15"><span class='ocrx_word' id='word_1_489' title='bbox 1286 2098 1435 2158; x_wconf 88' lang='lat' dir='ltr'><strong><em>partt.</em></strong></span> <span class='ocrx_word' id='word_1_490' title='bbox 1470 2098 1611 2144; x_wconf 76' lang='lat' dir='ltr'><strong><em>et—</em></strong></span> <span class='ocrx_word' id='word_1_491' title='bbox 1635 2098 1804 2142; x_wconf 85' lang='lat' dir='ltr'><strong><em>autem</em></strong></span> <span class='ocrx_word' id='word_1_492' title='bbox 1836 2091 1901 2142; x_wconf 91' lang='lat'><strong><em>11.</em></strong></span> <span class='ocrx_word' id='word_1_493' title='bbox 1921 2095 2001 2141; x_wconf 92' lang='grc'><strong><em>67.</em></strong></span> <span class='ocrx_word' id='word_1_494' title='bbox 2038 2090 2402 2152; x_wconf 71' lang='lat' dir='ltr'><strong><em>anacoluthon,</em></strong></span> 
     </span>
     <span class='ocr_line' id='line_1_85' title="bbox 1286 2157 2403 2211; baseline -0.001 0"><span class='ocrx_word' id='word_1_495' title='bbox 1286 2161 1558 2211; x_wconf 85' lang='lat' dir='ltr'><strong><em>interserta</em></strong></span> <span class='ocrx_word' id='word_1_496' title='bbox 1615 2158 1835 2210; x_wconf 83' lang='lat' dir='ltr'><strong><em>formula</em></strong></span> <span class='ocrx_word' id='word_1_497' title='bbox 1898 2157 2040 2208; x_wconf 74' lang='lat' dir='ltr'><strong><em>haud</em></strong></span> <span class='ocrx_word' id='word_1_498' title='bbox 2088 2158 2191 2209; x_wconf 75' lang='lat' dir='ltr'><strong><em>ecio</em></strong></span> <span class='ocrx_word' id='word_1_499' title='bbox 2235 2175 2322 2209; x_wconf 65' lang='lat' dir='ltr'><strong><em>an.</em></strong></span> <span class='ocrx_word' id='word_1_500' title='bbox 2359 2159 2403 2210; x_wconf 91' lang='lat'><strong><em>1.</em></strong></span> 
     </span>
     <span class='ocr_line' id='line_1_86' title="bbox 1288 2217 2404 2291; baseline -0.002 -13"><span class='ocrx_word' id='word_1_501' title='bbox 1288 2230 1400 2278; x_wconf 93' lang='grc'><strong>168.</strong></span> <span class='ocrx_word' id='word_1_502' title='bbox 1437 2217 1820 2277; x_wconf 72' lang='grc' dir='ltr'><strong><em>ἀνακόλουθον</em></strong></span> <span class='ocrx_word' id='word_1_503' title='bbox 1835 2225 1884 2276; x_wconf 84' lang='grc' dir='ltr'><strong><em>ἰιι</em></strong></span> <span class='ocrx_word' id='word_1_504' title='bbox 1900 2228 2130 2278; x_wconf 83' lang='lat' dir='ltr'><strong><em>oratione</em></strong></span> <span class='ocrx_word' id='word_1_505' title='bbox 2152 2237 2404 2291; x_wconf 78' lang='lat' dir='ltr'><strong><em>suspensa</em></strong></span> 
     </span>
     <span class='ocr_line' id='line_1_87' title="bbox 1285 2284 2405 2359; baseline -0.001 -15"><span class='ocrx_word' id='word_1_506' title='bbox 1285 2294 1369 2344; x_wconf 89' lang='lat' dir='ltr'><strong><em>Fr.</em></strong></span> <span class='ocrx_word' id='word_1_507' title='bbox 1405 2297 1485 2344; x_wconf 90' lang='grc'><strong><em>11.</em></strong></span> <span class='ocrx_word' id='word_1_508' title='bbox 1522 2295 1569 2343; x_wconf 90' lang='lat' dir='ltr'><strong><em>b.</em></strong></span> <span class='ocrx_word' id='word_1_509' title='bbox 1633 2284 2016 2344; x_wconf 73' lang='grc' dir='ltr'><strong><em>ἀνακόλουθον</em></strong></span> <span class='ocrx_word' id='word_1_510' title='bbox 2063 2293 2112 2342; x_wconf 87' lang='lat' dir='ltr'><strong><em>in</em></strong></span> <span class='ocrx_word' id='word_1_511' title='bbox 2148 2308 2248 2343; x_wconf 85' lang='lat' dir='ltr'><strong><em>usu</em></strong></span> <span class='ocrx_word' id='word_1_512' title='bbox 2282 2308 2405 2359; x_wconf 85' lang='lat' dir='ltr'><strong><em>par-</em></strong></span> 
     </span>
     <span class='ocr_line' id='line_1_88' title="bbox 1284 2351 2403 2414; baseline 0 -3"><span class='ocrx_word' id='word_1_513' title='bbox 1284 2361 1556 2411; x_wconf 87' lang='lat' dir='ltr'><strong><em>ticularum</em></strong></span> <span class='ocrx_word' id='word_1_514' title='bbox 1588 2359 1672 2411; x_wconf 77' lang='lat' dir='ltr'><strong><em>Fr.</em></strong></span> <span class='ocrx_word' id='word_1_515' title='bbox 1707 2364 1826 2414; x_wconf 85' lang='grc'><strong>143.</strong></span> <span class='ocrx_word' id='word_1_516' title='bbox 1839 2374 1909 2410; x_wconf 84' lang='lat' dir='ltr'><strong><em>ss.</em></strong></span> <span class='ocrx_word' id='word_1_517' title='bbox 1944 2351 2299 2410; x_wconf 73' lang='grc' dir='ltr'><strong><em>ἀνακόλουθα</em></strong></span> <span class='ocrx_word' id='word_1_518' title='bbox 2315 2359 2403 2411; x_wconf 86' lang='lat' dir='ltr'><strong><em>Fr.</em></strong></span> 
     </span>
     <span class='ocr_line' id='line_1_89' title="bbox 1285 2428 1744 2478; baseline -0.004 0"><span class='ocrx_word' id='word_1_519' title='bbox 1285 2430 1368 2478; x_wconf 86' lang='grc'><strong><em>52.</em></strong></span> <span class='ocrx_word' id='word_1_520' title='bbox 1400 2428 1453 2476; x_wconf 81' lang='lat' dir='ltr'><strong><em>b.</em></strong></span> <span class='ocrx_word' id='word_1_521' title='bbox 1469 2442 1511 2477; x_wconf 89' lang='lat' dir='ltr'>s.</span> <span class='ocrx_word' id='word_1_522' title='bbox 1739 2445 1744 2452; x_wconf 90' lang='lat'><strong>·</strong></span> 
     </span>
    </p>

    <p class='ocr_par' dir='ltr' id='par_1_34' title="bbox 1354 2493 2033 2558">
     <span class='ocr_line' id='line_1_90' title="bbox 1354 2493 2033 2558; baseline -0.001 -14"><span class='ocrx_word' id='word_1_523' title='bbox 1354 2493 1721 2558; x_wconf 85' lang='lat' dir='ltr'><strong><em>Anadyomene</em></strong></span> <span class='ocrx_word' id='word_1_524' title='bbox 1756 2493 1822 2544; x_wconf 91' lang='lat' dir='ltr'><strong><em>ll.</em></strong></span> <span class='ocrx_word' id='word_1_525' title='bbox 1859 2494 2033 2543; x_wconf 70' lang='lat' dir='ltr'>loe-s.</span> 
     </span>
    </p>

    <p class='ocr_par' dir='ltr' id='par_1_35' title="bbox 1288 2555 2404 2684">
     <span class='ocr_line' id='line_1_91' title="bbox 1354 2555 2404 2627; baseline -0.001 -13"><span class='ocrx_word' id='word_1_526' title='bbox 1354 2561 1632 2627; x_wconf 81' lang='lat' dir='ltr'><strong><em>Analogiae</em></strong></span> <span class='ocrx_word' id='word_1_527' title='bbox 1686 2561 1817 2613; x_wconf 84' lang='lat' dir='ltr'><strong><em>ratio</em></strong></span> <span class='ocrx_word' id='word_1_528' title='bbox 1883 2574 2040 2627; x_wconf 83' lang='lat' dir='ltr'><strong><em>saepe</em></strong></span> <span class='ocrx_word' id='word_1_529' title='bbox 2098 2555 2288 2613; x_wconf 72' lang='lat' dir='ltr'><strong><em>sufficit</em></strong></span> <span class='ocrx_word' id='word_1_530' title='bbox 2336 2557 2404 2613; x_wconf 84' lang='lat' dir='ltr'><strong><em>ad</em></strong></span> 
     </span>
     <span class='ocr_line' id='line_1_92' title="bbox 1288 2626 2272 2684; baseline -0.002 -2"><span class='ocrx_word' id='word_1_531' title='bbox 1288 2630 1617 2683; x_wconf 85' lang='lat' dir='ltr'><strong><em>Latinitatem</em></strong></span> <span class='ocrx_word' id='word_1_532' title='bbox 1653 2626 2021 2684; x_wconf 84' lang='lat' dir='ltr'><strong><em>defendendam</em></strong></span> <span class='ocrx_word' id='word_1_533' title='bbox 2057 2628 2119 2680; x_wconf 87' lang='lat'>11.</span> <span class='ocrx_word' id='word_1_534' title='bbox 2158 2633 2272 2680; x_wconf 89' lang='grc'><strong>109.</strong></span> 
     </span>
    </p>

    <p class='ocr_par' dir='ltr' id='par_1_36' title="bbox 1287 2695 2403 2830">
     <span class='ocr_line' id='line_1_93' title="bbox 1354 2695 2402 2761; baseline 0 -13"><span class='ocrx_word' id='word_1_535' title='bbox 1354 2698 1592 2761; x_wconf 82' lang='lat' dir='ltr'><strong><em>Analysis</em></strong></span> <span class='ocrx_word' id='word_1_536' title='bbox 1629 2697 1765 2748; x_wconf 88' lang='lat' dir='ltr'><strong><em>librr.</em></strong></span> <span class='ocrx_word' id='word_1_537' title='bbox 1801 2697 1867 2748; x_wconf 84' lang='lat' dir='ltr'><strong><em>de</em></strong></span> <span class='ocrx_word' id='word_1_538' title='bbox 1883 2695 1985 2748; x_wconf 80' lang='lat' dir='ltr'>off.</span> <span class='ocrx_word' id='word_1_539' title='bbox 2006 2696 2178 2761; x_wconf 83' lang='lat' dir='ltr'><strong><em>Praef.</em></strong></span> <span class='ocrx_word' id='word_1_540' title='bbox 2212 2696 2337 2748; x_wconf 86' lang='lat' dir='ltr'>XII.</span> <span class='ocrx_word' id='word_1_541' title='bbox 2359 2710 2402 2748; x_wconf 86' lang='lat' dir='ltr'>s.</span> 
     </span>
     <span class='ocr_line' id='line_1_94' title="bbox 1287 2763 2403 2830; baseline 0 -14"><span class='ocrx_word' id='word_1_542' title='bbox 1287 2765 1402 2816; x_wconf 91' lang='lat' dir='ltr'><strong><em>libri</em></strong></span> <span class='ocrx_word' id='word_1_543' title='bbox 1426 2765 1572 2830; x_wconf 88' lang='lat' dir='ltr'><strong><em>primi</em></strong></span> <span class='ocrx_word' id='word_1_544' title='bbox 1600 2763 1749 2817; x_wconf 85' lang='lat' dir='ltr'><strong><em>Xvn</em></strong></span> <span class='ocrx_word' id='word_1_545' title='bbox 1769 2792 1839 2803; x_wconf 89' lang='lat'><strong><em>—-</em></strong></span> <span class='ocrx_word' id='word_1_546' title='bbox 1864 2764 2058 2817; x_wconf 81' lang='lat' dir='ltr'>XXIV.</span> <span class='ocrx_word' id='word_1_547' title='bbox 2097 2764 2310 2817; x_wconf 78' lang='lat' dir='ltr'><strong><em>secundi</em></strong></span> <span class='ocrx_word' id='word_1_548' title='bbox 2335 2763 2403 2816; x_wconf 92' lang='lat'><strong><em>11.</em></strong></span> 
     </span>
    </p>
   </div>
   <div class='ocr_carea' id='block_1_13' title="bbox 1352 2894 2500 2966">
    <p class='ocr_par' dir='ltr' id='par_1_37' title="bbox 1352 2894 2500 2966">
     <span class='ocr_line' id='line_1_95' title="bbox 1352 2894 2500 2966; baseline 0 -16"><span class='ocrx_word' id='word_1_549' title='bbox 1352 2899 1655 2966; x_wconf 83' lang='lat' dir='ltr'><strong><em>Anaphorae</em></strong></span> <span class='ocrx_word' id='word_1_550' title='bbox 1686 2899 1772 2948; x_wconf 72' lang='lat' dir='ltr'><strong><em>vis&#39;</em></strong></span> <span class='ocrx_word' id='word_1_551' title='bbox 1794 2899 1834 2948; x_wconf 86' lang='grc' dir='ltr'><strong><em>Ι.</em></strong></span> <span class='ocrx_word' id='word_1_552' title='bbox 1868 2901 1951 2948; x_wconf 87' lang='grc'><strong><em>78.</em></strong></span> <span class='ocrx_word' id='word_1_553' title='bbox 1981 2901 2093 2948; x_wconf 89' lang='grc'><strong>188.</strong></span> <span class='ocrx_word' id='word_1_554' title='bbox 2110 2901 2224 2949; x_wconf 86' lang='grc'><strong>231.</strong></span> <span class='ocrx_word' id='word_1_555' title='bbox 2262 2912 2405 2963; x_wconf 85' lang='lat' dir='ltr'><strong><em>pron.</em></strong></span> <span class='ocrx_word' id='word_1_556' title='bbox 2495 2894 2500 2917; x_wconf 78' lang='lat'>&#39;</span> 
     </span>
    </p>
   </div>
   <div class='ocr_carea' id='block_1_14' title="bbox 1284 2962 2510 3895">
    <p class='ocr_par' dir='ltr' id='par_1_38' title="bbox 1284 2962 2510 3637">
     <span class='ocr_line' id='line_1_96' title="bbox 1288 2962 2510 3083; baseline 0.002 -67"><span class='ocrx_word' id='word_1_557' title='bbox 1288 2964 1410 3083; x_wconf 62' lang='lat' dir='ltr'><strong><em>fiuid</em></strong></span> <span class='ocrx_word' id='word_1_558' title='bbox 1451 2966 1491 3017; x_wconf 90' lang='lat'><strong><em>1.</em></strong></span> <span class='ocrx_word' id='word_1_559' title='bbox 1536 2969 1652 3016; x_wconf 89' lang='grc'><strong>220.</strong></span> <span class='ocrx_word' id='word_1_560' title='bbox 1714 2962 1969 3031; x_wconf 82' lang='lat' dir='ltr'><strong><em>anaphora</em></strong></span> <span class='ocrx_word' id='word_1_561' title='bbox 2015 2967 2407 3031; x_wconf 72' lang='lat' dir='ltr'><strong><em>praepositionis</em></strong></span> <span class='ocrx_word' id='word_1_562' title='bbox 2501 3013 2510 3019; x_wconf 87' lang='grc'><em>,</em></span> 
     </span>
     <span class='ocr_line' id='line_1_97' title="bbox 1341 3031 2405 3097; baseline -0.001 -13"><span class='ocrx_word' id='word_1_563' title='bbox 1341 3070 1354 3083; x_wconf 93' lang='grc'><strong><em>.</em></strong></span> <span class='ocrx_word' id='word_1_564' title='bbox 1390 3036 1442 3084; x_wconf 87' lang='grc'><strong><em>9.</em></strong></span> <span class='ocrx_word' id='word_1_565' title='bbox 1490 3031 1728 3097; x_wconf 78' lang='lat' dir='ltr'><strong><em>opposita</em></strong></span> <span class='ocrx_word' id='word_1_566' title='bbox 1760 3031 2028 3096; x_wconf 81' lang='lat' dir='ltr'><strong><em>distinguit</em></strong></span> <span class='ocrx_word' id='word_1_567' title='bbox 2077 3031 2117 3081; x_wconf 88' lang='lat'><strong><em>1.</em></strong></span> <span class='ocrx_word' id='word_1_568' title='bbox 2167 3034 2253 3081; x_wconf 88' lang='grc'><strong><em>26.</em></strong></span> <span class='ocrx_word' id='word_1_569' title='bbox 2292 3035 2405 3084; x_wconf 90' lang='grc'><strong>119.</strong></span> 
     </span>
     <span class='ocr_line' id='line_1_98' title="bbox 1287 3097 2408 3150; baseline -0.001 0"><span class='ocrx_word' id='word_1_570' title='bbox 1287 3103 1405 3150; x_wconf 88' lang='grc'><strong>267.</strong></span> <span class='ocrx_word' id='word_1_571' title='bbox 1455 3115 1530 3150; x_wconf 77' lang='lat' dir='ltr'><strong><em>vv,</em></strong></span> <span class='ocrx_word' id='word_1_572' title='bbox 1565 3115 1701 3148; x_wconf 81' lang='lat' dir='ltr'><strong><em>nunc</em></strong></span> <span class='ocrx_word' id='word_1_573' title='bbox 1734 3097 1931 3148; x_wconf 86' lang='lat' dir='ltr'><strong><em>demum</em></strong></span> <span class='ocrx_word' id='word_1_574' title='bbox 1967 3098 2012 3148; x_wconf 92' lang='lat'><strong><em>1.</em></strong></span> <span class='ocrx_word' id='word_1_575' title='bbox 2051 3101 2166 3149; x_wconf 89' lang='grc'><strong>178.</strong></span> <span class='ocrx_word' id='word_1_576' title='bbox 2207 3097 2408 3149; x_wconf 89' lang='lat' dir='ltr'><strong><em>indica-</em></strong></span> 
     </span>
     <span class='ocr_line' id='line_1_99' title="bbox 1287 3162 2408 3232; baseline -0.001 -15"><span class='ocrx_word' id='word_1_577' title='bbox 1287 3172 1372 3217; x_wconf 87' lang='lat' dir='ltr'><strong><em>tur</em></strong></span> <span class='ocrx_word' id='word_1_578' title='bbox 1405 3180 1498 3232; x_wconf 85' lang='lat' dir='ltr'><strong><em>per</em></strong></span> <span class='ocrx_word' id='word_1_579' title='bbox 1530 3164 1696 3230; x_wconf 79' lang='lat' dir='ltr'><strong><em>inquit</em></strong></span> <span class='ocrx_word' id='word_1_580' title='bbox 1727 3162 1812 3216; x_wconf 89' lang='lat' dir='ltr'><strong><em>Fr.</em></strong></span> <span class='ocrx_word' id='word_1_581' title='bbox 1847 3168 1964 3217; x_wconf 88' lang='grc'><strong>221.</strong></span> <span class='ocrx_word' id='word_1_582' title='bbox 1993 3168 2057 3215; x_wconf 75' lang='lat' dir='ltr'><strong><em>&#39;a.</em></strong></span> <span class='ocrx_word' id='word_1_583' title='bbox 2119 3164 2408 3228; x_wconf 83' lang='lat' dir='ltr'><strong><em>particulae</em></strong></span> 
     </span>
     <span class='ocr_line' id='line_1_100' title="bbox 1291 3228 2407 3300; baseline 0 -17"><span class='ocrx_word' id='word_1_584' title='bbox 1291 3233 1338 3283; x_wconf 75' lang='lat' dir='ltr'><strong><em>ei</em></strong></span> <span class='ocrx_word' id='word_1_585' title='bbox 1367 3234 1453 3285; x_wconf 87' lang='lat' dir='ltr'>Fr.</span> <span class='ocrx_word' id='word_1_586' title='bbox 1491 3236 1602 3284; x_wconf 83' lang='grc'><strong>194.</strong></span> <span class='ocrx_word' id='word_1_587' title='bbox 1638 3237 1753 3285; x_wconf 87' lang='grc'><strong>204.</strong></span> <span class='ocrx_word' id='word_1_588' title='bbox 1790 3250 1836 3284; x_wconf 89' lang='lat' dir='ltr'><strong><em>a.</em></strong></span> <span class='ocrx_word' id='word_1_589' title='bbox 1872 3228 2261 3300; x_wconf 77' lang='lat' dir='ltr'><strong><em>praepositionis</em></strong></span> <span class='ocrx_word' id='word_1_590' title='bbox 2295 3247 2407 3283; x_wconf 78' lang='lat' dir='ltr'><strong><em>cum</em></strong></span> 
     </span>
     <span class='ocr_line' id='line_1_101' title="bbox 1289 3300 2404 3366; baseline -0.001 -15"><span class='ocrx_word' id='word_1_591' title='bbox 1289 3301 1374 3351; x_wconf 90' lang='lat' dir='ltr'><strong><em>Fr.</em></strong></span> <span class='ocrx_word' id='word_1_592' title='bbox 1407 3305 1524 3353; x_wconf 87' lang='grc'><strong>215.</strong></span> <span class='ocrx_word' id='word_1_593' title='bbox 1562 3317 1606 3350; x_wconf 86' lang='lat' dir='ltr'><strong><em>a.</em></strong></span> <span class='ocrx_word' id='word_1_594' title='bbox 1643 3302 1759 3351; x_wconf 87' lang='lat' dir='ltr'><strong><em>coll.</em></strong></span> <span class='ocrx_word' id='word_1_595' title='bbox 1798 3302 1913 3352; x_wconf 82' lang='grc'><strong>194.</strong></span> <span class='ocrx_word' id='word_1_596' title='bbox 1946 3301 1995 3351; x_wconf 88' lang='lat' dir='ltr'><strong><em>b.</em></strong></span> <span class='ocrx_word' id='word_1_597' title='bbox 2061 3300 2404 3366; x_wconf 62' lang='lat' dir='ltr'><strong><em>negationum,</em></strong></span> 
     </span>
     <span class='ocr_line' id='line_1_102' title="bbox 1289 3360 2406 3434; baseline -0.002 -14"><span class='ocrx_word' id='word_1_598' title='bbox 1289 3384 1336 3420; x_wconf 94' lang='lat' dir='ltr'>e.</span> <span class='ocrx_word' id='word_1_599' title='bbox 1371 3385 1420 3434; x_wconf 81' lang='lat' dir='ltr'><strong><em>g.</em></strong></span> <span class='ocrx_word' id='word_1_600' title='bbox 1468 3367 1600 3418; x_wconf 78' lang='lat' dir='ltr'><strong><em>nihil</em></strong></span> <span class='ocrx_word' id='word_1_601' title='bbox 1648 3366 1735 3419; x_wconf 88' lang='lat' dir='ltr'><strong><em>Fr.</em></strong></span> <span class='ocrx_word' id='word_1_602' title='bbox 1777 3372 1894 3419; x_wconf 80' lang='grc'><strong>198.</strong></span> <span class='ocrx_word' id='word_1_603' title='bbox 1950 3360 2406 3432; x_wconf 73' lang='lat' dir='ltr'><strong><em>interrogationum</em></strong></span> 
     </span>
     <span class='ocr_line' id='line_1_103' title="bbox 1289 3434 2422 3501; baseline -0.003 -14"><span class='ocrx_word' id='word_1_604' title='bbox 1289 3437 1357 3487; x_wconf 90' lang='lat' dir='ltr'><strong><em>ib.</em></strong></span> <span class='ocrx_word' id='word_1_605' title='bbox 1393 3435 1517 3488; x_wconf 84' lang='lat' dir='ltr'><strong><em>facit</em></strong></span> <span class='ocrx_word' id='word_1_606' title='bbox 1567 3434 1846 3488; x_wconf 78' lang='lat' dir='ltr'><strong><em>chiasmum</em></strong></span> <span class='ocrx_word' id='word_1_607' title='bbox 1889 3435 1977 3487; x_wconf 82' lang='lat' dir='ltr'><strong><em>Fr.</em></strong></span> <span class='ocrx_word' id='word_1_608' title='bbox 2015 3439 2126 3486; x_wconf 88' lang='grc'><strong>198.</strong></span> <span class='ocrx_word' id='word_1_609' title='bbox 2162 3435 2212 3486; x_wconf 87' lang='lat' dir='ltr'><strong><em>b.</em></strong></span> <span class='ocrx_word' id='word_1_610' title='bbox 2259 3447 2422 3501; x_wconf 60' lang='lat' dir='ltr'><strong><em>pron-⁸</em></strong></span> 
     </span>
     <span class='ocr_line' id='line_1_104' title="bbox 1290 3502 2406 3569; baseline -0.001 -16"><span class='ocrx_word' id='word_1_611' title='bbox 1290 3502 1371 3554; x_wconf 77' lang='lat' dir='ltr'><strong><em>hic</em></strong></span> <span class='ocrx_word' id='word_1_612' title='bbox 1413 3509 1516 3555; x_wconf 69' lang='lat' dir='ltr'><strong><em>etc.</em></strong></span> <span class='ocrx_word' id='word_1_613' title='bbox 1573 3502 1639 3554; x_wconf 91' lang='lat'><strong><em>11.</em></strong></span> <span class='ocrx_word' id='word_1_614' title='bbox 1702 3506 1816 3554; x_wconf 87' lang='grc'><strong>123.</strong></span> <span class='ocrx_word' id='word_1_615' title='bbox 1896 3507 2192 3569; x_wconf 81' lang='lat' dir='ltr'><strong><em>compensat</em></strong></span> <span class='ocrx_word' id='word_1_616' title='bbox 2253 3505 2406 3568; x_wconf 89' lang='lat' dir='ltr'><strong><em>partt.</em></strong></span> 
     </span>
     <span class='ocr_line' id='line_1_105' title="bbox 1284 3569 1937 3637; baseline 0 -16"><span class='ocrx_word' id='word_1_617' title='bbox 1284 3569 1492 3637; x_wconf 74' lang='lat' dir='ltr'><strong><em>,quidem</em></strong></span> <span class='ocrx_word' id='word_1_618' title='bbox 1522 3598 1593 3611; x_wconf 92' lang='lat'><strong><em>--</em></strong></span> <span class='ocrx_word' id='word_1_619' title='bbox 1625 3570 1717 3622; x_wconf 79' lang='lat' dir='ltr'><strong><em>scd</em></strong></span> <span class='ocrx_word' id='word_1_620' title='bbox 1748 3571 1787 3623; x_wconf 91' lang='lat'>1.</span> <span class='ocrx_word' id='word_1_621' title='bbox 1821 3575 1937 3622; x_wconf 89' lang='grc'><strong>200.</strong></span> 
     </span>
    </p>

    <p class='ocr_par' dir='ltr' id='par_1_39' title="bbox 1292 3634 2414 3772">
     <span class='ocr_line' id='line_1_106' title="bbox 1357 3634 2405 3704; baseline -0.001 -14"><span class='ocrx_word' id='word_1_622' title='bbox 1357 3637 1676 3704; x_wconf 84' lang='lat' dir='ltr'><strong><em>Anastrophe</em></strong></span> <span class='ocrx_word' id='word_1_623' title='bbox 1711 3646 1830 3703; x_wconf 82' lang='lat' dir='ltr'><strong><em>post</em></strong></span> <span class='ocrx_word' id='word_1_624' title='bbox 1860 3640 2002 3690; x_wconf 84' lang='lat' dir='ltr'><strong><em>relat.</em></strong></span> <span class='ocrx_word' id='word_1_625' title='bbox 2053 3637 2096 3688; x_wconf 89' lang='lat'><strong><em>1.</em></strong></span> <span class='ocrx_word' id='word_1_626' title='bbox 2145 3639 2255 3686; x_wconf 89' lang='grc'><strong>120.</strong></span> <span class='ocrx_word' id='word_1_627' title='bbox 2289 3634 2405 3689; x_wconf 83' lang='grc'><strong>253.</strong></span> 
     </span>
     <span class='ocr_line' id='line_1_107' title="bbox 1292 3703 2414 3772; baseline -0.004 -14"><span class='ocrx_word' id='word_1_628' title='bbox 1292 3705 1599 3772; x_wconf 76' lang='lat' dir='ltr'><strong><em>anastrophe</em></strong></span> <span class='ocrx_word' id='word_1_629' title='bbox 1645 3706 2075 3771; x_wconf 64' lang='lat' dir='ltr'><strong><em>praepositionum</em></strong></span> <span class='ocrx_word' id='word_1_630' title='bbox 2106 3703 2193 3756; x_wconf 87' lang='lat' dir='ltr'><strong><em>Fr.</em></strong></span> <span class='ocrx_word' id='word_1_631' title='bbox 2228 3705 2313 3754; x_wconf 83' lang='grc'><strong><em>57.</em></strong></span> <span class='ocrx_word' id='word_1_632' title='bbox 2407 3727 2414 3735; x_wconf 85' lang='grc'><em>·</em></span> 
     </span>
    </p>

    <p class='ocr_par' dir='ltr' id='par_1_40' title="bbox 1354 3772 2005 3840">
     <span class='ocr_line' id='line_1_108' title="bbox 1354 3772 2005 3840; baseline -0.005 -14"><span class='ocrx_word' id='word_1_633' title='bbox 1354 3774 1559 3840; x_wconf 70' lang='lat' dir='ltr'><strong><em>Anceps</em></strong></span> <span class='ocrx_word' id='word_1_634' title='bbox 1592 3772 1784 3823; x_wconf 83' lang='lat' dir='ltr'><strong><em>curatio</em></strong></span> <span class='ocrx_word' id='word_1_635' title='bbox 1816 3774 1854 3825; x_wconf 90' lang='lat'><strong><em>1.</em></strong></span> <span class='ocrx_word' id='word_1_636' title='bbox 1890 3776 2005 3824; x_wconf 86' lang='grc'><strong>189.</strong></span> 
     </span>
    </p>

    <p class='ocr_par' dir='ltr' id='par_1_41' title="bbox 1355 3840 1926 3895">
     <span class='ocr_line' id='line_1_109' title="bbox 1355 3840 1926 3895; baseline -0.005 1"><span class='ocrx_word' id='word_1_637' title='bbox 1355 3842 1488 3895; x_wconf 78' lang='lat' dir='ltr'><strong><em>Anci</em></strong></span> <span class='ocrx_word' id='word_1_638' title='bbox 1520 3840 1699 3892; x_wconf 75' lang='lat' dir='ltr'><strong><em>domus</em></strong></span> <span class='ocrx_word' id='word_1_639' title='bbox 1730 3841 1768 3891; x_wconf 94' lang='lat' dir='ltr'><strong><em>I.</em></strong></span> <span class='ocrx_word' id='word_1_640' title='bbox 1802 3843 1926 3894; x_wconf 87' lang='grc'><strong>282.</strong></span> 
     </span>
    </p>
   </div>
   <div class='ocr_carea' id='block_1_15' title="bbox 1356 3888 2418 4214">
    <p class='ocr_par' dir='ltr' id='par_1_42' title="bbox 1356 3888 2418 4214">
     <span class='ocr_line' id='line_1_110' title="bbox 1359 3888 2171 3990; baseline -0.004 -12"><span class='ocrx_word' id='word_1_641' title='bbox 1359 3924 1551 3990; x_wconf 72' lang='lat' dir='ltr'><strong><em>Angor</em></strong></span> <span class='ocrx_word' id='word_1_642' title='bbox 1583 3923 1921 3975; x_wconf 71' lang='lat' dir='ltr'><strong><em>conscientiae</em></strong></span> <span class='ocrx_word' id='word_1_643' title='bbox 1953 3888 2029 3974; x_wconf 63' lang='grc' dir='ltr'><strong><em>Π]</em></strong></span> <span class='ocrx_word' id='word_1_644' title='bbox 2051 3920 2171 3975; x_wconf 75' lang='lat'>243.</span> 
     </span>
     <span class='ocr_line' id='line_1_111' title="bbox 1356 4005 2324 4077; baseline -0.001 -17"><span class='ocrx_word' id='word_1_645' title='bbox 1356 4005 1569 4077; x_wconf 19' lang='lat' dir='ltr'><strong><em>*Anguis</em></strong></span> <span class='ocrx_word' id='word_1_646' title='bbox 1602 4012 1755 4074; x_wconf 81' lang='lat' dir='ltr'><strong><em>tergo</em></strong></span> <span class='ocrx_word' id='word_1_647' title='bbox 1790 4014 1843 4060; x_wconf 86' lang='lat' dir='ltr'><strong><em>et</em></strong></span> <span class='ocrx_word' id='word_1_648' title='bbox 1875 4005 2102 4075; x_wconf 72' lang='lat' dir='ltr'><strong><em>inghwie</em></strong></span> <span class='ocrx_word' id='word_1_649' title='bbox 2134 4006 2174 4059; x_wconf 91' lang='lat'><strong><em>1.</em></strong></span> <span class='ocrx_word' id='word_1_650' title='bbox 2209 4010 2324 4061; x_wconf 81' lang='grc'><strong>193.</strong></span> 
     </span>
     <span class='ocr_line' id='line_1_112' title="bbox 1360 4091 2418 4214; baseline -0.004 -67"><span class='ocrx_word' id='word_1_651' title='bbox 1360 4092 1670 4214; x_wconf 49' lang='grc' dir='ltr'><strong><em>ῗὲξιιεωω]</em></strong></span> <span class='ocrx_word' id='word_1_652' title='bbox 1690 4092 1759 4145; x_wconf 80' lang='lat' dir='ltr'><strong><em>In</em></strong></span> <span class='ocrx_word' id='word_1_653' title='bbox 1788 4097 2073 4160; x_wconf 67' lang='lat' dir='ltr'><strong><em>augustuni</em></strong></span> <span class='ocrx_word' id='word_1_654' title='bbox 2102 4091 2418 4145; x_wconf 67' lang='lat' dir='ltr'><strong><em>concludere</em></strong></span> 
     </span>
    </p>
   </div>
   <div class='ocr_carea' id='block_1_16' title="bbox 1293 4241 2406 4379">
    <p class='ocr_par' dir='ltr' id='par_1_43' title="bbox 1293 4241 2406 4379">
     <span class='ocr_line' id='line_1_113' title="bbox 1293 4241 2406 4367; baseline -0.002 -72"><span class='ocrx_word' id='word_1_655' title='bbox 1293 4313 1334 4367; x_wconf 62' lang='lat' dir='ltr'>L</span> <span class='ocrx_word' id='word_1_656' title='bbox 1360 4243 1747 4363; x_wconf 40' lang='lat' dir='ltr'><strong><em>‹Biyimaberto-</em></strong></span> <span class='ocrx_word' id='word_1_657' title='bbox 1807 4243 1973 4297; x_wconf 82' lang='lat' dir='ltr'><strong><em>Huius</em></strong></span> <span class='ocrx_word' id='word_1_658' title='bbox 2002 4258 2049 4297; x_wconf 81' lang='lat' dir='ltr'><strong><em>v.</em></strong></span> <span class='ocrx_word' id='word_1_659' title='bbox 2097 4241 2406 4298; x_wconf 66' lang='lat' dir='ltr'><strong><em>constructio</em></strong></span> 
     </span>
     <span class='ocr_line' id='line_1_114' title="bbox 1435 4328 1541 4379; baseline 0 -14"><span class='ocrx_word' id='word_1_660' title='bbox 1435 4349 1451 4364; x_wconf 88' lang='lat'><strong><em>.</em></strong></span> <span class='ocrx_word' id='word_1_661' title='bbox 1466 4328 1541 4379; x_wconf 80' lang='lat' dir='ltr'><strong><em>sq.</em></strong></span> 
     </span>
    </p>
   </div>
  </div>
 </body>
</html>
