2850 5225
496 1168 705 1219 torum
743 1144 941 1222 libros
978 1143 1299 1212 indicibus
1337 1147 1786 1228 instruxerim,
1830 1168 1998 1213 meos
2037 1167 2300 1214 mancos
2341 1145 2811 1217 exv-viderem.
2801 1143 2837 1197 ἕ]

492 1254 714 1356 Iniqui
752 1253 849 1341 igz
784 1252 958 1314 nitur·
978 1246 1270 1334 fuerunt
1308 1249 1453 1328 isti,
1515 1251 1631 1334 qui
1670 1249 1959 1315 indicum
1999 1250 2360 1316 absentiam
2398 1252 2559 1316 mihi
2601 1251 2834 1341 impu*

490 1351 745 1423 tar-ient.
835 1349 1057 1429 Oua-si·
1076 1370 1226 1414 vero
1267 1350 1545 1438 scriptor·
1584 1349 1886 1416 librarios
1925 1373 2209 1422 exorare
2250 1350 2483 1416 debeat
2496 1398 2524 1433 ,
2580 1367 2658 1416 ut
2681 1352 2836 1439 fa-

489 1461 674 1525 ciunt
709 1453 1089 1544 promissum
1120 1453 1415 1539 ipsorum
1454 1453 1709 1517 nomine
1749 1451 1980 1517 datum
1994 1499 2021 1534 ,
2075 1474 2209 1522 non
2247 1453 2640 1519 exorandus
2689 1456 2839 1544 ipse

410 1546 424 1564 ’
490 1559 578 1625 ab
617 1553 761 1624 illis
787 1557 899 1636 sit,
943 1553 1214 1640 q'iwrum
1254 1554 1435 1617 lucro
1475 1574 1621 1617 cum
1658 1575 1775 1618 suo
1816 1554 2061 1620 damno
2101 1555 2441 1619 inser-viat
2436 1549 2517 1599 '“

657 1641 881 1723 Habes
935 1653 1070 1720 iam
1086 1703 1103 1733 ,
1166 1651 1301 1722 Vir
1352 1651 1769 1720 Clarissime'
1835 1678 2003 1744 quae
2053 1653 2183 1719 ad
2200 1652 2554 1722 historiam
2614 1655 2838 1723 huius

486 1759 705 1858 libelli
740 1758 971 1825 facere
1009 1755 1454 1833 videbamur,
1510 1778 1729 1844 neque
1770 1754 2134 1871 quidquam
2167 1744 2512 1846 superest,
2557 1756 2722 1842 ‚nisi
2767 1775 2842 1826 ut

487 1859 735 1980 gratias
778 1881 970 1948 agam
1008 1855 1183 1924 Viro
1226 1852 1688 1936 ornatissimo,
1718 1856 1847 1946 qui
1873 1855 2137 1947 primas
2180 1858 2587 1928 correctoris
2632 1859 2839 1928 vices

487 1959 800 2036 sustinuit
816 2009 834 2039 ,
902 1957 1055 2023 Gai·-
1119 1958 1289 2023 Guil.
1334 1958 1701 2023 Dietrichio
1715 2005 1745 2040 ,
1828 1982 1870 2024 a
1931 1983 2064 2050 quo
2130 1963 2478 2052 praeclara
2537 1984 2841 2047 prorsus

374 2087 382 2097 “
486 2064 653 2134 huic
701 2057 972 2150 negotio
1025 2073 1266 2125 navata
1318 2071 1419 2123 est
1472 2082 1703 2148 opera.
1789 2060 2051 2129 Verum
2102 2061 2224 2129 etsi
2275 2062 2395 2131 ille
2434 2079 2570 2130 tam
2611 2062 2843 2131 in'du·

488 2165 652 2235 strie
692 2175 993 2231 versatus
1035 2159 1155 2240 sit,
1185 2156 1368 2250 ipse
1418 2183 1688 2250 quoque
1738 2185 1881 2229 non
1932 2161 2268 2232 minorem
2319 2165 2396 2231 in
2435 2167 2842 2256 relegendis

486 2264 773 2361 plagulis
814 2260 1325 2354 typographicis
1366 2260 1565 2352 posui
1607 2285 1909 2354 operam,
1956 2281 2030 2332 ut
2081 2265 2209 2333 vix
2248 2273 2458 2333 unum
2499 2283 2614 2334 aut
2655 2271 2844 2337 alte-

470 2371 671 2494 ἰ·ιιἰιι
683 2388 992 2435 errorem
1030 2376 1378 2455 repertum
1416 2362 1511 2450 iri
1554 2363 1978 2434 existimem.

592 2470 888 2559 Itaque
923 2480 1077 2538 tene
1103 2463 1272 2532 Tibi
1292 2466 1425 2534 hoc
1466 2441 1930 2534 munusculum
1964 2481 2033 2535 et
2063 2484 2381 2559 tanquam
2412 2472 2498 2537 ab
2534 2471 2840 2540 homine

490 2559 707 2642 amieo
763 2566 1147 2660 'profectum
1179 2565 1372 2683 boui
1408 2570 1724 2687 cousule.
1777 2569 2031 2659 Vale,
2098 2570 2428 2733 mihique,
2493 2587 2569 2640 ut
2624 2571 2839 2659 facis»,

484 2676 718 2745 favere
756 2693 986 2762 perge.

652 2876 1050 2953 Scribebam
1089 2873 1490 2947 Zuicoaviae
1531 2874 1993 2947 mense.1uni0
2027 2861 2458 2947 'annuntians
