2850 5225
478 353 557 412 10

482 494 597 555 acc.
632 513 929 561 mensurae,
979 496 1043 547 11.
1076 498 1192 547 247.
1241 499 1362 560 post
1404 494 1599 546 formu-

480 573 584 623 lam
619 566 960 620 calendariam
993 570 1117 614 ante
1151 562 1314 626 diem,
1350 562 1438 613 Fr.
1485 566 1599 614 121.
1623 583 1637 596 *

484 640 534 690 b.
567 640 756 688 Aecus.
786 639 841 684 et
860 632 1119 684 Ablativus
1145 635 1458 695 permutatus
1486 635 1603 696 post

481 706 539 754 in
564 704 632 754 11.
656 704 771 752 323.
799 701 882 752 Fr.
912 703 1022 749 175.
1052 699 1102 749 b.
1137 699 1260 762 Ace.
1277 713 1394 749 cum
1413 714 1461 749 v.
1483 712 1599 762 per-

485 770 763 833 suadendi,
795 767 901 847 ¹Fr.
936 769 1022 818 52.
1060 779 1110 815 a.
1165 780 1260 831 pro
1293 765 1600 815 nominativo

484 849 573 906 per
606 840 980 897 attractionem,
1017 832 1103 883 Fr.
1135 837 1184 883 9.
1219 833 1342 899 Acc.
1376 847 1472 897 pro
1505 846 1601 882 no-

476 906 736 965 minativo,
771 903 857 953 ubi
896 900 1131 952 excusari
1165 898 1370 964 possit?
1404 899 1447 962 1.
1481 902 1600 949 247.

484 977 675 1024 Accus.
710 970 1065 1036 pronominum
1102 965 1160 1017 ‘in
1196 982 1389 1030 genere
1420 971 1601 1016 neutro

482 1056 574 1106 pro
620 1039 847 1089 dev-cum
893 1035 992 1086 abl.
1042 1034 1127 1085 Fr.
1175 1037 1255 1083 17.
1301 1050 1347 1085 a.
1396 1034 1464 1084 cs.
1498 1033 1599 1083 ad-

483 1106 667 1159 denda.

467 1224 473 1230 .
549 1172 883 1225 Accusativus
918 1185 1037 1220 cum
1069 1167 1315 1221 Infinitivo
1351 1172 1471 1235 post
1511 1184 1602 1216 ve-

413 1236 423 1250 ”
483 1257 597 1292 rum
623 1246 720 1302 est,
753 1238 839 1289 Fr.
867 1241 951 1288 65.
985 1236 1176 1303 pendet
1203 1251 1234 1286 a
1261 1251 1335 1286 vv.
1363 1233 1603 1297 defendo,

479 1322 777 1377 persevero,
814 1302 979 1365 uinco,
1016 1304 1104 1353 Fr.
1141 1305 1225 1353 44.
1264 1304 1315 1352 b.
1351 1303 1403 1352 iu
1438 1301 1604 1351 admi-

483 1377 640 1427 rantis
673 1363 1086 1440 interrogatione,
1123 1370 1207 1420 Fr.
1244 1371 1360 1418 116.
1393 1370 1447 1419 b.
1486 1371 1602 1419 168.

484 1446 539 1495 b:
562 1447 679 1509 post
693 1439 1007 1491 substantiva
1026 1435 1423 1498 consuetudinis,
1451 1452 1603 1486 man-

484 1506 764 1560 suetudinis
797 1513 930 1568 etc.,
962 1506 1048 1556 Fr.
1083 1508 1163 1555 63.
1198 1520 1246 1554 a.
1296 1505 1420 1554 Acc.
1455 1519 1601 1568 pron.

481 1576 733 1642 reciproci
766 1573 834 1625 ad
865 1573 1131 1624 infinitivos
1164 1586 1490 1637 suppressus,
1517 1569 1602 1620 Fr.

482 1647 595 1695 126.
626 1646 741 1694 169.
773 1641 839 1692 11.
870 1643 953 1692 91.
989 1642 1174 1691 Aecus.
1206 1638 1459 1703 reciproci
1486 1653 1605 1688 cum

481 1711 729 1763 Infinitive
772 1709 840 1758 ad
873 1723 946 1760 vv.
980 1708 1127 1764 velle,
1163 1706 1333 1764 nolle,
1371 1705 1525 1755 malle
1560 1704 1603 1755 Ι.

389 1823 394 1836 ,
477 1781 593 1829 249.
647 1777 709 1828 11.
764 1779 876 1829 135.
920 1778 1038 1827 210.
1082 1775 1198 1825 231.
1265 1780 1383 1840 post
1432 1770 1603 1836 cupio,

479 1845 659 1896 studeo
703 1843 744 1894 Ι.
794 1846 907 1894 151.
951 1842 1019 1892 11.
1063 1843 1180 1891 401.
1228 1845 1347 1904 post
1391 1838 1510 1888 licet
1537 1839 1605 1889 Π.

440 1959 458 1978 „
481 1916 593 1964 123.
630 1914 741 1963 131.
791 1909 971 1960 mediis
1005 1908 1295 1958 inseruntur
1337 1906 1493 1957 verba
1527 1905 1607 1954 di-

487 1977 634 2029 cendi
665 1976 731 2026 Il.
765 1979 879 2027 350.
932 1990 1025 2039 pro
1057 1972 1118 2023 ni
1147 1988 1263 2024 cum
1295 1974 1456 2024 verbo
1487 1973 1608 2023 fini-

481 2053 537 2097 to
582 2046 632 2094 in
666 2042 1022 2109 sponsionibus
1060 2040 1127 2091 11.
1161 2043 1279 2090 328.
1345 2039 1412 2090 ad
1461 2056 1605 2104 pron.

481 2112 609 2162 illud
644 2109 913 2175 apponitur
946 2123 1038 2173 per
1073 2107 1442 2173 appositionem
1461 2106 1501 2157 1.
1517 2110 1603 2159 88.
1663 2140 1670 2149 ·

484 2194 578 2246 pro
633 2177 787 2230 verbo
834 2177 977 2227 finito
1040 2180 1158 2240 post
1218 2182 1281 2226 ut
1333 2191 1378 2225 c.
1436 2176 1605 2237 aliquo

481 2244 732 2298 sentiendi
782 2244 939 2295 verbo
976 2242 1014 2293 1.
1052 2246 1132 2293 50.
1165 2257 1210 2293 s.
1273 2248 1391 2307 post
1445 2240 1610 2291 videri

483 2314 547 2364 11.
564 2315 679 2366 316.
711 2310 1078 2364 constructioni
1102 2310 1309 2361 verbum
1329 2319 1512 2375 regens
1529 2307 1606 2359 in-

459 2380 767 2448 „terponitur
782 2378 849 2430 11.
867 2382 984 2430 225.
1012 2382 1130 2443 post
1156 2378 1404 2429 adiectiva
1421 2375 1604 2441 quibus

480 2448 720 2499 iudicium
762 2447 1049 2499 continetur
1081 2443 1119 2494 l.
1147 2447 1264 2495 285.
1314 2459 1406 2508 pro
1451 2444 1606 2495 verbo

482 2515 623 2564 finito
650 2519 764 2578 post
790 2518 846 2563 ut
865 2512 1037 2578 placet
1062 2517 1162 2564 etc.
1198 2506 1269 2568 ὥς
1302 2509 1484 2563 ἔοικεν
1505 2515 1606 2562 etc.

482 2580 522 2634 I.
557 2584 670 2631 356.
707 2578 802 2646 (ad
837 2596 885 2645 p.
921 2576 1034 2643 50.)

553 2646 844 2699 Accusandi
876 2646 1008 2696 ratio
1044 2660 1122 2711 ap.
1159 2646 1395 2710 antiquos
1431 2644 1606 2697 rheto-

485 2730 569 2767 res
601 2713 686 2764 Fr.
727 2715 842 2764 119.
1465 2744 1472 2749 -

551 2782 896 2832 Accusatores
932 2778 1004 2830 rei
1030 2778 1251 2830 absoluti
1286 2795 1318 2828 a
1339 2776 1607 2830 clientibus

382 2854 393 2855 ’
486 2847 832 2901 circumveniri
865 2846 1100 2897 solebant
1128 2846 1187 2896 F.
1226 2850 1343 2896 280.
1387 2860 1607 2897 accusa-

484 2915 612 2973 toris
640 2914 894 2965 sumissi
932 2913 1125 2965 crimen
1161 2913 1245 2964 Fr.
1276 2917 1468 2965 186.·ο.
1511 2924 1606 2966 ‘ac-

487 2982 707 3035 cusatori
742 2981 1131 3046 repetundarum
1165 2996 1323 3031 causa
1371 2982 1440 3032 ab
1482 2981 1606 3047 ipsis

484 3049 876 3115 provincialibus
933 3049 1183 3100 committi
1250 3048 1452 3100 solebat
1497 3047 1604 3100 «ΕΓ.

549 3183 743 3235 Acerbe
777 3199 982 3236 severus
1015 3182 1079 3234 ΙΙ.
1113 3185 1230 3234 400.
1268 3190 1279 3201 ’

553 3253 821 3305 Acerbitas
836 3250 1204 3316 obiurgatiouis
1227 3250 1482 3315 significet
1509 3249 1605 3301 mi-

484 3317 813 3370 sericordiam
845 3318 884 3367 1.
918 3322 1033 3369 277.
1607 3322 1612 3329 “

557 3383 646 3435 Cn.
681 3384 989 3434 Acerronius
1021 3384 1107 3435 Fr.
1137 3388 1219 3435 29.
1243 3400 1293 3435 s..

557 3450 612 3502 G.
644 3449 802 3503 Acilii
832 3451 1048 3501 annales
1079 3451 1144 3504 ll.
1177 3454 1327 3501 403..
1380 3476 1389 3483 ·

550 3519 724 3584 Aeque
756 3517 820 3568 11.
858 3520 972 3568 153.

550 3583 859 3649 Aequirendi
893 3583 1029 3635 modi
1063 3583 1106 3633 l.
1138 3585 1220 3634 47.
1239 3599 1282 3634 s.

549 3651 701 3703 Actio
729 3649 1018 3717 cognitioni
1039 3651 1399 3716 anteponenda
1423 3652 1463 3702 I.
1487 3656 1603 3704 305.

480 3724 598 3773 310.
733 3725 1026 3770 νίιιτοτυηι
1046 3719 1344 3779 naturalium
1369 3721 1533 3783 turpis
1557 3720 1598 3771 1.

481 3791 607 3839 265.-
621 3794 756 3837 vitae
773 3785 812 3837 1.
829 3789 911 3838 39-
928 3801 1050 3851 opp.
1075 3787 1258 3837 mentis
1277 3787 1544 3851 agitationi
1561 3786 1600 3837 1.

483 3857 565 3905 39.
594 3854 726 3906 actio
747 3852 1155 3904 interrooatoria
1180 3854 1260 3904 vel
1288 3852 1601 3917 consessoria

482 3920 569 3973 Fr.
585 3925 665 3973 51.
692 3921 889 3973 noxalis
915 3890 999 3971 13.
1023 3924 1103 3971 55.
1122 3936 1168 3972 a.
1192 3948 1263 3959 —-
1285 3921 1482 3972 Eadem
1511 3937 1600 3971 ca-

482 3992 578 4053 put
607 3990 739 4040 servi
769 3988 999 4053 sequitur
1027 3986 1092 4039 11.
1122 3990 1240 4039 317.
1273 3988 1504 4040 actiones
1533 3987 1600 4039 de

483 4052 533 4106 vi
566 4054 734 4119 plures
765 4056 1015 4108 dabantur
1052 4053 1111 4104 F.
1142 4057 1257 4104 261.
1275 4072 1317 4106 s.
1350 4055 1488 4108 actio
1523 4055 1600 4106 ie-

482 4120 835 4187 gis⁸Aquiliae
879 4127 932 4174 et
965 4121 1014 4172 vi
1057 4121 1306 4174 bonorum
1332 4127 1599 4187 raptorum

483 4193 808 4254 comparatae
848 4188 932 4241 Fr.
969 4189 1056 4240 54.
1100 4188 1150 4240 b.
1175 4202 1217 4238 s.
1263 4190 1399 4240 actio
1426 4190 1476 4241 vi
1502 4190 1598 4240 bo-

482 4269 667 4308 norum
719 4259 977 4320 raptorum
1016 4255 1104 4308 Fr.
1151 4257 1200 4306 2.
1248 4257 1296 4306 4.
1339 4259 1456 4311 229.
1487 4271 1545 4322 σᾳ
1581 4292 1597 4309 .

478 4325 598 4376 235.
634 4335 743 4390 sqq.
807 4323 935 4374 238.“
968 4325 1084 4376 240.
1129 4321 1298 4376 damni
1336 4322 1517 4378 infecti
1534 4271 1597 4381 ἦ

1173 330 1849 442 ’,ιΝυΕΧΠ.

1681 497 1796 545 271.
1819 509 1859 547 s.
1907 492 1973 544 de
2004 491 2157 544 modo
2190 488 2318 559 agri
2361 490 2424 543 F.
2456 493 2575 541 250.
2612 516 2697 528 -
2735 505 2817 556 per

1683 563 2006 628 sponsionem
2028 562 2087 612 F.
2114 563 2230 612 265.
2259 575 2327 611 ss.
2362 562 2478 610 269.
2493 574 2537 610 s.
2571 561 2612 620 7
2611 562 2668 608 2.
2709 573 2816 609 cum

1683 626 1848 695 poena
1875 629 1934 679 F.
1968 632 2084 679 268.
2115 643 2181 679 ss.
2226 643 2328 693 quo
2364 623 2574 678 iudice?
2609 625 2683 677 F.
2705 628 2818 675 271.

1683 698 1886 814 actione
1918 692 2820 814 ‘pssmalffiblssmlgcgmffioeaem‘

1707 779 1769 814 us
1801 779 1918 815 reus
2003 779 2040 814 r.
2181 800 2194 813 .
2281 799 2294 812 .
2438 798 2452 810 .
2593 776 2636 810 u
2731 775 2821 825 que

1684 832 1890 881 actione
1933 831 2097 896 primo
2156 831 2273 881 loco
2325 824 2604 879 accusator
2677 827 2821 889 dixit,

1686 899 1851 949 altero
1878 895 2116 949 defensor
2142 897 2228 948 Fr.
2255 899 2369 947 184.
2398 912 2442 945 a.
2477 893 2623 944 actio
2655 894 2826 945 altera

1685 966 1735 1015 in
1782 965 2108 1030 ampliatione
2149 963 2234 1014 Fr.
2270 968 2350 1014 12.
2397 965 2447 1013 b.
2489 959 2651 1028 prior
2690 977 2740 1012 e.
2775 978 2819 1025 q.

1687 1048 1868 1082 causae
1892 1031 2133 1094 coniectio
2160 1031 2246 1081 Fr.
2276 1034 2357 1081 12.
2379 1030 2429 1080 b.
2456 1030 2708 1080 actiones
2737 1029 2820 1077 bo-

1686 1116 1782 1151 nae
1810 1098 1928 1150 fidei
1970 1099 2036 1149 11.
2072 1102 2186 1150 291.
2204 1114 2244 1149 s.
2279 1112 2451 1148 earum
2495 1095 2739 1146 formula
2767 1095 2823 1145 li.

1685 1170 1801 1217 302.
1838 1167 2007 1218 damni
2034 1168 2081 1218 vi
2121 1166 2227 1217 dati
2256 1170 2309 1216 et
2336 1164 2607 1215 criminum
2654 1163 2752 1213 Fr.
2779 1164 2822 1211 4.

1688 1234 1967 1299 Ciceronis,
2003 1233 2208 1299 scriptis
2225 1231 2493 1283 mandatae
2519 1230 2594 1281 11.
2626 1234 2725 1282 12.
2751 1228 2823 1279 di-

1687 1307 1857 1351 rectae
1893 1308 1945 1353 et
1981 1299 2273 1350 contrariae
2305 1298 2370 1350 ll.
2413 1301 2526 1350 313.
2553 1314 2629 1350 ss.
2691 1296 2825 1348 actio

1687 1370 1858 1433 glossa
1889 1367 2109 1419 rationis
2141 1367 2179 1419 1.
2217 1369 2335 1417 221.

1755 1437 1966 1490 Activae
2000 1441 2054 1488 et
2093 1427 2328 1501 passivae
2368 1432 2570 1484 formae
2616 1447 2824 1498 permn-

1687 1509 1860 1553 tantur
1888 1503 1955 1554 11.
1978 1506 2061 1554 25.
2090 1506 2171 1553 32.
2210 1505 2322 1553 190.
2355 1504 2471 1550 306.
2586 1557 2594 1564 ,

1752 1569 1932 1626 Aetnae
1998 1575 2051 1622 et
2106 1568 2280 1620 Attius
2340 1567 2407 1620 11.
2470 1569 2594 1617 376.
2704 1563 2823 1617 Eius

1686 1636 1875 1699 Atreus
1907 1637 1974 1688 ib.

1685 1737 1690 1742 ·
1754 1704 1914 1768 Actor
1936 1710 1987 1756 et
2014 1703 2208 1770 petitor
2239 1702 2326 1754 Fr.
2358 1705 2440 1753 41.
2477 1702 2687 1753 actoris
2716 1716 2824 1767 par-

1688 1777 1768 1823 tes
1802 1773 1852 1823 in
1893 1772 2061 1823 causis
2091 1772 2302 1836 privatis
2331 1769 2416 1820 Fr.
2447 1773 2496 1821 7.

1755 1839 1940 1891 Actum
1974 1844 2083 1901 est,
2118 1855 2185 1889 ne
2223 1843 2324 1896 etc.
2370 1836 2438 1887 Π.
2478 1840 2604 1887 161.
2656 1841 2824 1887 actua

1684 1923 1782 1973 per
1827 1905 1931 1957 vim
1975 1922 2040 1957 an
2080 1910 2247 1956 ratum
2294 1920 2408 1956 esse
2453 1904 2703 1957 debeat?
2766 1903 2824 1955 11.

1757 2041 1953 2092 Acuere
1985 2041 2185 2114 tropice
2217 2039 2284 2091 11.
2318 2041 2433 2091 187.

1757 2107 2063 2160 Acutissime
2096 2106 2330 2173 cogitare
2366 2105 2410 2156 1.
2446 2110 2566 2157 308.

1755 2175 1867 2225 Acu
1890 2175 2157 2226 enucleata
2184 2180 2496 2239 argumenta
2514 2173 2611 2224 Fr.
2643 2177 2765 2225 168.
2781 2175 2825 2224 b.

1690 2240 1760 2291 ad
1808 2242 2109 2294 acunculam
2159 2240 2341 2308 capitis
2389 2256 2550 2306 usque
2602 2241 2681 2293 ib.
2737 2258 2826 2292 acu

1687 2308 1873 2372 vellere
1904 2308 2083 2375 spinas
2116 2308 2200 2360 Fr.
2236 2312 2354 2359 168.
2378 2324 2453 2373 sq.

1756 2374 1975 2428 Acutum
2009 2382 2062 2428 et
2094 2375 2412 2427 enucleatum
2445 2375 2504 2426 F.
2535 2377 2666 2425 284.
2695 2392 2744 2427 s.

1755 2440 1843 2494 Aa
1876 2450 1930 2495 et
1962 2450 2024 2495 at
2053 2444 2343 2510 promiscue
2376 2443 2533 2494 scrib.
2566 2441 2659 2493 Fr.
2705 2445 2823 2494 204.

1689 2527 1734 2562 a.
1773 2511 1845 2562 ad
1878 2527 1971 2579 pro
2005 2517 2063 2562 at
2093 2510 2155 2562 F.
2184 2514 2266 2561 40.
2301 2525 2347 2561 a.
2384 2514 2497 2561 106.
2535 2509 2590 2559 b.
2628 2525 2737 2575 pro
2771 2526 2825 2559 ac

1686 2580 1769 2630 46.
1794 2580 1843 2632 b.
1880 2579 1950 2631 ad
1990 2578 2179 2632 excidit
2220 2577 2306 2630 Fr.
2348 2580 2430 2628 55.
2464 2577 2513 2628 b.
2547 2577 2634 2628 ad'
2655 2578 2822 2630 locum

1686 2646 1726 2698 1.
1753 2651 1837 2698 73.
1868 2651 1950 2699 77.
1990 2662 2083 2713 pro
2118 2645 2258 2713 apud
2293 2645 2377 2696 Fr.
2413 2648 2499 2696 35.
2536 2660 2586 2696 a.
2621 2646 2707 2696 ad
2734 2645 2821 2697 va-

1688 2713 1791 2763 lam
1819 2716 1850 2764 i.
1880 2728 1930 2779 q.
1960 2713 2018 2763 in
2050 2712 2177 2763 villa
2219 2712 2305 2764 Fr.
2345 2716 2425 2762 35.
2461 2728 2511 2765 a.
2564 2714 2824 2765 omittitur

1686 2781 1738 2831 in
1782 2780 1999 2834 formula
2041 2779 2257 2847 adigere
2294 2777 2514 2844 aliquem
2562 2779 2822 2831 arbitrum

1688 2863 1733 2899 v.
1768 2846 1849 2898 ius
1881 2847 2156 2898 iurandum
2187 2848 2252 2899 11.
2287 2851 2403 2897 302.
2451 2845 2522 2896 ad
2568 2847 2722 2898 diem
2768 2848 2822 2898 ΙΙ.

1687 2917 1806 2967 260.
1862 2916 1933 2965 ad
1967 2920 2179 2966 et'antc
2223 2914 2357 2964 diem
2395 2913 2529 2965 conf.
2568 2914 2662 2966 Fr.
2712 2919 2821 2967 121.

1753 2982 2011 3034 Addendo
2036 2997 2165 3048 quac
2191 2980 2378 3047 reliqui
2403 2996 2600 3032 summa
2623 2983 2752 3046 fiat
2784 2982 2826 3036 1.

1757 3116 1907 3169 Adde
1941 3132 2125 3171 novam
2171 3116 2479 3171 senteutiam
2527 3114 2752 3168 inchoat
2785 3116 2819 3167 1.

1689 3187 1802 3235 154.
1832 3184 1967 3235 adde
1989 3183 2165 3245 etiam,
2193 3182 2445 3234 adde‘huc
2456 3188 2560 3234 etc.
2580 3182 2622 3233 1,
2641 3188 2818 3235 153.s.

1754 3250 1982 3302 Additur
2013 3252 2064 3302 in
2098 3249 2426 3302 interdictum
2463 3266 2507 3301 ν.
2529 3248 2821 3302 interdicto

1689 3317 1983 3385 (exceptio)
2017 3319 2101 3368 Fr.
2129 3320 2211 3368 43.
2240 3317 2290 3368 b.
2325 3316 2536 3370 additur
2571 3323 2627 3369 et
2660 3318 2817 3370 audi-

1689 3393 1773 3436 tur
1808 3385 2021 3436 confusa
2051 3384 2133 3436 Fr'.
2163 3388 2242 3435 43.
2272 3385 2321 3437 b.

1755 3451 2074 3503 Addubitare
2105 3452 2171 3504 11.
2196 3456 2313 3507 212.
2347 3451 2652 3504 addubitata
2686 3469 2755 3509 rc
2783 3452 2816 3505 Ι.

1754 3586 1901 3637 Adeo
1935 3602 1981 3636 c.
2018 3586 2340 3664 Superlativo
2373 3587 2412 3638 1.
2446 3589 2527 3637 87.

1754 3653 1961 3704 Adesse.
2012 3653 2109 3716 Qut
2144 3653 2362 3716 adsunt,
2392 3661 2662 3719 utcumque
2692 3656 2816 3708 ade·

1686 3725 1840 3779 runt,
1873 3735 1956 3785 up.
1994 3722 2253 3773 auditores
2285 3721 2326 3771 1.
2354 3723 2467 3770 275.

1752 3786 1958 3852 Adfinis
2003 3786 2178 3851 fundo
2228 3785 2431 3852 (vicini)
2493 3804 2558 3839 au
2618 3790 2815 3856 adfinis

1685 3855 1968 3920 possessori
2021 3855 2185 3906 vicino
2220 3854 2395 3919 fundo
2435 3854 2642 3912 ‚dicatur
2687 3874 2814 3925 pos-

1684 3937 1860 3975 sessor
1891 3921 1976 3973 Fr.
2010 3925 2094 3973 23.

1749 3987 2088 4041 Adhibere
2111 3987 2455 4040 reverentiam
2484 3989 2812 4045 adversus

1681 4055 1911 4107 homines
1954 4055 1999 4107 1.
2047 4060 2164 4108 218.
2220 4055 2460 4129 adhibere
2477 4072 2494 4091 ··
2510 4064 2696 4109 testem
2753 4061 2812 4112 11.

1680 4127 1795 4175 257.
1829 4122 2070 4175 adhibere
2098 4123 2157 4172 in
2189 4123 2453 4174 consilinm
2484 4125 2551 4176 11.
2588 4129 2713 4180 1⁵8.
2746 4156 2811 4168 —

1653 4190 2012 4310 gztssabsoiute
2068 4203 2163 4256 pro
2226 4190 2342 4244 adh.
2396 4191 2450 4243 in
2497 4193 2681 4246 consil.
2742 4195 2808 4248 11.

1742 4293 1980 4378 jason.
2010 4324 2073 4378 F.
2105 4324 2221 4379 Lx.
2251 4341 2303 4379 a.
