2850 5225
383 1618 388 1622 ’
466 1620 642 1667 tantur
675 1614 739 1663 11.
773 1617 858 1665 25.
891 1617 974 1664 32.
1012 1615 1127 1663 190.
1164 1613 1282 1662 306.

357 3542 361 3550 .
462 3499 505 3552 1.
540 3503 621 3552 27.
659 3512 761 3551 non
790 3495 1144 3564 paululumib.
1174 3496 1353 3562 paullo
1370 3512 1436 3548 an
1460 3513 1590 3563 paa-

379 4119 384 4124 ·
464 4103 714 4170 positum,
748 4105 1006 4157 scribatur
1036 4108 1160 4156 nota
1193 4098 1300 4156 R?
1329 4104 1370 4154 Ι.
1403 4106 1521 4156 344.

442 316 532 378 ω
629 379 636 388 t
736 292 745 302 .

459 463 843 538 participiorum
884 463 1215 536 comparativi
1254 467 1308 516 et
1340 464 1575 536 superla-

455 536 545 587 tivi
581 531 626 580 ΙΙ
676 534 777 583 137
1023 531 1032 540 “
1083 533 1090 542 ’

526 570 823 652 Particulae
855 599 1153 651 omittuntur
1195 597 1246 648 in
1292 598 1574 649 contrario-

460 683 576 724 rum
621 668 997 732 comparatione
1031 666 1070 734 L.
1103 669 1189 716 63.
1226 672 1358 732 part.
1393 664 1576 714 adver-

460 735 628 789 sativa
668 735 721 785 iu
763 733 986 786 chiasmo
1030 733 1284 799 spernitur
1317 732 1473 783 1.-25.
1511 730 1573 778 ΙΙ.

458 806 1012 936 'quartirit—partim
1047 865 1366 932 distinguunt
1392 865 1434 913 Ι.
1461 869 1578 916 312.

584 935 653 987 im
697 952 813 988 cum
859 936 1082 1003 genitivo
1115 939 1169 986 et
1201 933 1359 985 verbo
1394 933 1580 999 plurali

526 1008 748 1126 Ριέιξῖῒίο
780 1073 961 1132 vitiosa
995 1071 1202 1122 notatur
1234 1069 1271 1120 1.
1306 1051 1428 1120 284.

531 1140 750 1192 Pascere
787 1139 939 1200 bene,
986 1137 1114 1189 satis
1148 1137 1301 1201 bene,
1346 1136 1480 1186 male
1514 1135 1577 1198 ΙΙ,

464 1213 581 1261 167.
602 1215 668 1288 ⁶8..
702 1207 850 1282 pasci
891 1204 1139 1272 maleficio
1184 1210 1237 1256 et
1285 1203 1471 1255 scelere
1517 1204 1582 1253 11.

461 1280 751 1396 ‘'stsiva
784 1357 903 1395 cum
938 1342 1107 1394 dativo
1141 1337 1201 1390 ΙΙ.
1235 1341 1352 1389 247.

530 1412 745 1463 Passiva
789 1410 952 1488 forma
997 1412 1239 1474 corrupta
1281 1408 1335 1458 in
1367 1407 1589 1458 activam

462 1478 503 1532 Ι.
532 1481 780 1599 Ῑᾞῗέἰνιιο
814 1551 868 1597 et
898 1544 1096 1597 activae
1141 1542 1338 1595 formae
1380 1556 1589 1628 permu-

533 1679 861 1735 Passivorum
901 1680 1071 1732 forma
1112 1677 1166 1730 in
1199 1677 1429 1732 secunda
1470 1692 1589 1745 per-

465 1766 598 1804 sona
619 1751 762 1815 sing.
797 1745 887 1826 Fr.
925 1749 1040 1801 109.

529 1819 858 1870 Passivorum
887 1817 1065 1880 ‚activa
1096 1815 1171 1866 vis
1204 1814 1243 1865 L
1279 1817 1399 1866 200.

459 1893 471 1906 ·
533 1885 964 1955 Pater-‘scribitur
991 1898 1074 1949 pr.
1108 1882 1192 1932 Fr.
1229 1885 1344 1933 223.
1377 1896 1426 1932 ο.

534 1952 721 2003 Patere
754 1951 827 2002 dr.
862 1951 1042 2002 domus
1074 1946 1381 2014 hospitibus,
1433 1961 1589 1998 orna-

465 2026 672 2080 menta,
722 2017 794 2067 ad
837 2016 1132 2076 visendunb
1161 2030 1268 2065 ,τευ
1299 2012 1588 2079 familiaris

463 2083 820 2150 indigentibus
854 2089 955 2136 etc.
989 2081 1184 2132 11.126.
1219 2089 1400 2148 patere
1435 2081 1590 2132 latius

466 2154 613 2214 ddr.,
650 2167 778 2216 quae
814 2151 1033 2216 exempli
1068 2154 1510 2217 causaponuntur
1526 2147 1588 2200 ΙΙ.

463 2224 582 2275 212.
613 2224 758 2285 patet
790 2218 968 2284 exitus,
990 2217 1028 2267 1.
1059 2219 1179 2269 352.
1470 2235 1475 2244 ·

530 2287 718 2340 Patres
752 2284 1026 2352 conscripti
1055 2285 1141 2335 Fr.
1181 2288 1296 2338 188.
1316 2301 1357 2337 s.

531 2355 741 2408 Patriae
787 2355 978 2407 caritas
1022 2351 1063 2403 1.
1117 2355 1228 2405 136.
1288 2354 1397 2405 eius
1447 2351 1588 2402 salus

465 2422 626 2476 saluti
655 2422 822 2488 patris
855 2419 1221 2487 anteponenda
1253 2418 1317 2470 11.
1353 2423 1471 2472 353.

530 2487 750 2542 Patricii
793 2487 878 2542 Fr.
924 2492 1037 2539 188.
1054 2504 1095 2539 s.
1140 2488 1203 2538 iis
1249 2503 1353 2540 uon
1396 2487 1591 2539 licebat

462 2558 774 2612 tribunatum
797 2559 872 2636 pl.
907 2555 1145 2634 accipere
1175 2551 1262 2607 Fr.
1297 2558 1385 2606 95.

533 2623 851 2674 Patrimomo
887 2637 1025 2673 omm
1053 2622 1406 2685 praestantior
1439 2622 1591 2674 herc-

466 2690 607 2745 ditas
655 2690 883 2740 traditur
932 2687 1103 2738 liberis
1162 2689 1339 2753 gloria
1383 2688 1589 2743 virtutis

466 2771 737 2820 rerumque
769 2762 1038 2820 gestarum
1070 2754 1110 2803 1.
1145 2758 1267 2806 257.

536 2821 836 2876 Patrocinia
889 2820 1131 2889 gratuito
1181 2823 1590 2890 suscipiebantur

534 2957 756 3011 Patroni
773 2956 1019 3029 „gentium
1064 2963 1157 3010 aut
1198 2955 1465 3009 nationum
1500 2956 1589 3008 de-

464 3026 717 3081 uictarum
751 3026 792 3076 1.
828 3027 911 3076 84.
967 3025 1283 3077 coloniarum
1319 3041 1382 3078 ac
1416 3027 1588 3077 socio-

462 3111 577 3149 rum
616 3095 682 3146 ·11.
726 3097 846 3146 321.
898 3092 1112 3159 patroni
1156 3091 1373 3142 iniurias
1419 3091 1595 3143 ulcisci

464 3163 648 3217 licebat
677 3161 762 3215 Fr.
799 3163 912 3213 174.
950 3168 1158 3212 causam
1189 3176 1218 3209 a
1237 3160 1423 3226 cliente
1441 3160 1591 3211 discit

392 3279 396 3285 .
462 3231 550 3283 Fr.
567 3234 683 3299 177.
700 3246 748 3280 a.
779 3234 1117 3295 patronorum
1145 3225 1367 3293 officium
1397 3226 1454 3277 in
1480 3226 1591 3278 iure

463 3299 555 3351 Fr.
587 3301 672 3349 66.
708 3314 756 3349 a.
812 3310 988 3347 eorum
1032 3309 1272 3347 uumerus
1306 3294 1357 3345 in
1390 3294 1591 3346 iudiciis

463 3366 549 3418 Fr.
586 3368 708 3416 127.
742 3364 791 3414 b.

531 3432 768 3484 Paullum
801 3427 1103 3490 admodum,
1138 3427 1365 3494 paullum
1400 3427 1592 3495 oppido

463 3565 560 3619 lo?
594 3567 657 3616 11.
693 3569 815 3618 257.

530 3634 766 3688 Paulus„
786 3631 851 3684 V.
869 3629 1129 3682 Aemilius.
1160 3629 1312 3682 Pauli
1328 3631 1591 3684 abstinen-

463 3702 537 3753 tia
568 3703 629 3756 11.
665 3705 781 3755 148.
812 3716 853 3751 s.
906 3713 1194 3764 cognomen
1227 3696 1590 3750 Macedonicus

461 3769 531 3822 n».
561 3774 680 3823 149.
742 3770 988 3834 quantum
1031 3768 1080 3818 iu
1119 3766 1376 3818 'aerarium
1423 3783 1588 3834 pecu-

464 3837 581 3890 niae
623 3835 876 3889 invexerit
919 3834 988 3885 ib.
1025 3836 1148 3887 148.
1203 3834 1356 3888 laude
1402 3835 1588 3886 bellica

463 3903 635 3956 clarus
669 3904 708 3957 Ι.
741 3905 862 3955 256.

531 3971 597 4023 1..
628 3969 840 4035 Paulus,
873 3968 1059 4035 Lepidi
1090 3967 1206 4034 Fr.,
1240 3968 1326 4029 Fr.
1360 3972 1480 4021 224.
1507 3984 1553 4019 a.

532 4038 750 4105 Paulus,
798 4052 865 4089 an
909 4036 1099 4088 nomini
1141 4037 1589 4103 gentilicioprae-
1632 4054 1638 4109 ῃ

533 4234 823 4289 Pausaniae
846 4171 1152 4305 zelsl’gssiae
1184 4236 1224 4287 1.
1258 4241 1374 4291 175.

1373 308 1702 373 INDEX
1762 308 1834 372 u.

1654 460 1786 512 nihil
1816 458 2055 512 habitura
2085 457 2156 511 sit
2184 455 2495 512 insidias-mn
2510 494 2530 524 ,
2586 472 2805 541 semper

1658 534 1736 579 est
1770 526 2135 580 consulendum
2161 525 2229 578 ib.
2246 528 2330 578 83.
2359 541 2492 592 pace
2527 524 2808 592 (Quirini)

1657 612 1750 662 pro
1784 596 1960 648 favore
1991 595 2208 647 numinis
2242 593 2304 644 ΙΙ.
2329 598 2449 644 253.
2479 609 2595 658 pa:-
2626 594 2809 660 faeta,

1660 664 1785 716 lano
1820 664 2034 718 Quirino
2069 664 2212 713 cluso
2247 662 2286 712 1.
2318 664 2435 712 347.
2457 677 2530 712 ss.
2567 661 2810 713 smni-

1662 730 1787 781 tium
1820 731 1880 782 ΙΙ.
1915 735 2032 781 390.
2068 731 2262 782 iniussu
2286 728 2352 780 P.
2368 729 2518 784 S,Q.
2549 729 2679 781 fieri
2707 745 2811 782 nou

1662 804 1864 866 poterat
1895 797 1940 846 ΙΙ
1993 801 2110 848 389.

1732 865 1950 918 Peccare
1972 871 2248 931 nunquan:
2274 869 2360 914 est
2403 863 2533 915 utiie‘
2577 863 2654 915 11.
2692 868 2813 917 299.

1664 933 1910 1002 peccandi
1946 948 2104 984 causa
2136 931 2199 982 11.
2234 935 2351 982 183.
2371 947 2414 981 s.
2458 935 2579 982 323.
2614 948 2813 999 pecca—

1667 1009 1753 1053 tur
1782 999 2168 1068 perturbatione
2201 998 2424 1050 rationis
2452 1006 2623 1065 atque
2664 1001 2813 1053 ordi-

1667 1069 1751 1122 nis
1787 1069 1823 1119 1.
1859 1072 1975 1119 288.
2480 1085 2489 1088 ·

1735 1136 1952 1187 Peccata
1984 1134 2176 1186 Stoicis
2211 1132 2374 1198 quid?
2409 1132 2448 1184 I.
2485 1136 2611 1185 155.
2635 1152 2688 1187 a.

1736 1203 1982 1254 Pecudem
2016 1218 2127 1253 cum
2170 1200 2376 1250 homine
2411 1202 2696 1267 copulasse
2731 1203 2806 1255 dr.

1671 1270 1902 1337 Callipho
1936 1277 1990 1322 et
2021 1269 2368 1321 Dinomachus
2404 1268 2466 1319 ΙΙ.
2504 1273 2629 1322 413.

1738 1338 2007 1390 Peculatus
2041 1338 2102 1388 11.
2133 1339 2254 1387 242.

1738 1406 1967 1459 Pecunia
2001 1405 2042 1457 1.
2081 1408 2194 1456 108.
2244 1402 2408 1456 tacita
2438 1403 2504 1454 11.
2543 1408 2672 1459 162.
2708 1422 2801 1473 pe-

1672 1473 1850 1526 cuniae
1873 1472 2141 1538 fugienda
2175 1471 2429 1538 cupiditas
2446 1474 2555 1523 viro
2574 1489 2802 1538 magna-

1670 1544 1807 1594 n'imo
1841 1541 1878 1591 Ι.
1918 1545 2031 1592 158.
2092 1539 2311 1606 pecunia
2367 1540 2805 1591 extraordinaria

1671 1609 1737 1663 11.
1774 1613 1888 1660 160.
1936 1608 2180 1674 pecunias
2223 1606 2446 1659 ereditas
2479 1607 2802 1660 debitoribus

1670 1676 1956 1728 condonari
2014 1691 2147 1741 quae
2198 1677 2364 1743 prima
2409 1676 2625 1727 iusserit
2677 1677 2800 1729 lex?

1670 1744 1733 1795 11.
1784 1746 1899 1796 155.
1954 1744 2203 1809 pecuniae
2250 1743 2320 1810 (i.
2368 1759 2413 1794 e.
2466 1743 2800 1809 divitiarum)

1669 1812 1890 1879 pretium
1924 1810 1964 1861 1.
1992 1814 2107 1874 159.
2126 1827 2169 1862 s.
2203 1810 2423 1877 pecunia
2459 1809 2796 1877 quemadmo-

1671 1880 1792 1931 dum
1835 1877 2108 1944 utendum,
2155 1876 2443 1945 disputatur
2485 1896 2520 1929 a
2567 1879 2800 1946 philoso—

1670 1945 1782 2066 E'his
1817 1946 1881 1998 11.
1905 1949 2035 2065 ι169.
2081 1946 2304 2013 pecunia
2349 1953 2404 1997 et
2442 1961 2624 2012 poena
2660 1947 2797 1999 conf.

1716 2030 1755 2066 r.
1790 2018 1870 2065 93.
1943 2051 1956 2063 .

1737 2081 2013 2146 Pedianus,
2046 2096 2150 2131 nou
2184 2079 2480 2131 Paedianus
2495 2080 2584 2133 Fr.
2598 2079 2796 2133 XXXI.

1736 2148 2064 2214 Peducaeus,
2098 2146 2164 2200 T.
2196 2148 2282 2199 Fr.
2315 2153 2435 2200 225.
2471 2166 2521 2199 a.
2732 2146 2741 2152 ’

1738 2215 1979 2267 Peierare
2022 2218 2282 2281 glossema
2324 2225 2397 2269 v.'
2416 2216 2696 2283 periurare
2726 2216 2792 2267 ΙΙ.

1686 2403 1693 2410 ,
1739 2350 1914 2412 Peles,
1943 2349 2193 2419 pelicatus
2226 2351 2315 2403 Fr.
2352 2354 2469 2403 155.
2504 2368 2558 2403 a.

1740 2418 1937 2470 Pellere
2002 2435 2162 2470 manu
2230 2425 2659 2485 praecurrentem
2731 2421 2793 2473 11.

1671 2488 1786 2537 253.
1805 2504 1854 2540 c.
1890 2485 2143 2553 depellere
2177 2486 2312 2539 conf.
2346 2485 2414 2538 ib.
2450 2486 2795 2552 iracundian,

1671 2553 1980 2605 maestitiam
2015 2560 2116 2608 etc.
2153 2554 2191 2605 1.
2225 2558 2345 2608 278.
2398 2554 2662 2622 animum,
2697 2574 2796 2625 ap-

1671 2620 1986 2687 petitionem,
2021 2638 2117 2673 nos
2152 2627 2249 2674 etc.
2288 2622 2398 2673 ddr.
2432 2626 2542 2675 visa
2575 2625 2642 2677 11.
2675 2630 2795 2678 252.

1741 2690 1895 2741 Pellis
1928 2706 2021 2757 pro
2056 2694 2200 2742 veste
2231 2689 2319 2741 Fr.
2354 2693 2473 2741 215.
2490 2708 2534 2743 s.
2640 2708 2646 2713 ·

1739 2755 1913 2807 Pelliti
1942 2757 2027 2808 Fr.
2059 2756 2178 2808 215.
2195 2774 2240 2809 s.

1739 2823 1942 2889 Pelopis
1976 2829 2242 2890 sceptrum
2275 2823 2338 2875 ΙΙ.
2371 2827 2490 2877 343.
2524 2888 2527 2889 ⁷

1739 2890 1925 2956 Penni,
1959 2890 2220 2954 Petronii,
2257 2891 2440 2956 Ennii,
2473 2891 2672 2945 Fannii
2699 2910 2793 2948 uo-

1671 2959 1807 3010 mina
1840 2958 1978 3011 conf.
2012 2958 2075 3010 11.
2109 2964 2225 3011 262.
2512 3016 2525 3021 ‚

1741 3025 1987 3078 Pensatio
2021 3043 2067 3078 e.
2102 3043 2152 3092 q.
2194 3025 2545 3094 compensatio
2579 3029 2642 3080 Π.
2676 3033 2791 3083 315.

1739 3092 2247 3146 Peraclolescentulus
2280 3096 2342 3146 11.
2378 3099 2520 3146 91.s.

1739 3159 1841 3211 Per
1854 3162 1956 3213 vim
1981 3168 2036 3214 et
2056 3178 2231 3212 verum
2258 3163 2393 3215 conf.
2412 3162 2501 3214 Fr.
2517 3167 2599 3215 65.
2618 3178 2667 3216 a.

1656 3228 1748 3277 'se‘
1780 3228 2034 3280 laudabile
2083 3229 2123 3279 1.
2168 3233 2249 3281 34.
2308 3246 2433 3298 per
2483 3230 2590 3282 eius

1673 3294 1896 3349 laeditur
1936 3297 2001 3348 11.
2035 3299 2149 3349 311.
2203 3297 2319 3350 licet
2348 3312 2446 3364 per
2467 3325 2538 3336 -
2569 3299 2634 3352 ΙΙ.
2672 3305 2788 3354 238.

1669 3377 1769 3428 per
1810 3379 1865 3415 se
1907 3380 1955 3415 v.
2003 3379 2115 3416 sese
2156 3370 2211 3417 et
2262 3372 2480 3431 propter
2513 3381 2569 3418 se
2602 3382 2648 3418 v.
2682 3384 2793 3421 sese

1674 3431 1807 3483 conf.
1839 3431 1907 3484 11.
1923 3436 2006 3482 82.
2025 3447 2069 3499 st
2081 3447 2176 3497 per
2193 3439 2249 3485 et
2264 3448 2394 3499 prae
2411 3433 2549 3486 conf.
2569 3436 2621 3487 iu
2648 3451 2789 3489 eom-

1672 3513 1786 3564 pos.
1824 3499 1884 3550 11.
1918 3503 2035 3551 376.

1739 3565 1991 3631 Percepta
2026 3565 2158 3618 artis
2191 3567 2228 3618 Ι.
2264 3571 2382 3620 139.

1739 3632 2008 3696 Percipere
2040 3640 2093 3686 et
2125 3634 2426 3701 praecipere
2459 3635 2657 3693 confi-I.
2672 3640 2784 3695 124.

1670 3700 1993 3766 percipiendi
2023 3702 2233 3767 signum
2266 3703 2333 3752 11.
2369 3709 2419 3754 2.

1737 3767 1967 3833 Pei-diti]
2002 3767 2236 3821 hanzines
2267 3769 2462 3835 perditi
2491 3770 2557 3821 11.
2589 3774 2674 3824 59.

1739 3834 2022 3886 Perduellis
2054 3837 2096 3885 1.
2132 3841 2251 3889 347.

1740 3901 2102 3970 Peregrinatio
2135 3920 2181 3958 e.
2217 3921 2266 3970 q.
2302 3904 2566 3958 rusticatio
2592 3906 2656 3959 Π.
2675 3911 2785 3960 188.

1738 3970 2145 4037 Peregrinorum
2178 3971 2352 4024 officia
2386 3973 2425 4024 1.
2458 3977 2577 4026 261.

1737 4037 1971 4090 Pei-fecti
2003 4055 2034 4090 a
2072 4055 2116 4090 v.
2150 4038 2440 4093 inchoativo
2458 4057 2583 4094 usus
2597 4042 2648 4093 in
2664 4044 2787 4096 sub·

1673 4105 1897 4156 iunctivo
1939 4122 2054 4158 eum
2099 4112 2231 4173 part.
2282 4108 2332 4157 si
2376 4116 2498 4176 post
2547 4125 2785 4177 praesens

1671 4177 1871 4239 tempus
1886 4173 1948 4225 11.
1966 4178 2079 4225 108.
2114 4173 2403 4241 perfectum
2426 4177 2650 4244 iungitur
2671 4194 2784 4231 cum

1671 4240 1973 4358 imperfecto
2017 4240 2082 4294 11.
2114 4245 2197 4294 55.
2254 4238 2523 4314 ἀορίστως
2570 4246 2781 4313 positum

533 4296 1592 4379 Pas-bellopariturl.80.paoe',2uae
1670 4305 1696 4358 1
1780 4311 1862 4361 72.
